@string{MIT = "Massachusetts Institute of Technology"}
@string{MIT-LCS = "{MIT} Laboratory for Computer Science"}
@string{IETF = "Internet Engineering Task Force"}
@string{ACMabbr = "{ACM}"}
@string{SOSP = ACMabbr # " {S}ymposium on {O}perating {S}ystems {P}rinciples"}
@string{IEEEabbr = "{IEEE}"}
@string{IEEECompSoc = IEEEabbr # " {C}omputer {S}ociety"}
@string{Proceedings = "Proc. "}

@string{DCCPWeb = "http://www.read.cs.ucla.edu/dccp/"}
@string{PubsWeb = "http://read.seas.harvard.edu/~kohler/pubs/"}

@inproceedings{mao12cache,
  author = "Yandong Mao and Eddie Kohler and Robert Morris",
  title = "Cache craftiness for fast multicore key-value storage",
  crossref = "eurosys12"
}

@article{bradonjic11near-optimal,
  author = "Milan Bradonji{\'c} and Eddie Kohler and Rafail Ostrovsky",
  title = "Near-Optimal Radio Use for Wireless Network Synchronization",
  crossref = "j:tcs",
  note = "Corrected proof in press, \url{http://dx.doi.org/10.1016/j.tcs.2011.09.026}"
}

@article{zeldovich11making,
  author = "Nickolai Zeldovich and Silas Boyd-Wickizer and Eddie Kohler and David Mazi{\`e}res",
  title = "Making information flow explicit in {H}i{S}tar",
  crossref = "j:cacm",
  volume = 54, number = 11, pages = "93--101", year = 2011, month = nov
}

@inproceedings{manesh10evaluating,
  title = "Evaluating the suitability of server network cards for software routers",
  author = "Maziar Manesh and Katerina Argyraki and Mihai Dobrescu and Norbert Egi and Kevin Fall and Gianluca Iannaccone and Eddie Kohler and Sylvia Ratnasamy",
  crossref = "presto10"
}

@article{paek10tenet,
  title = "The {T}enet Architecture for Tiered Sensor Networks",
  author = "Jeongyeup Paek and Ben Greenstein and Omprakash Gnawali and Ki-Young Jang and August Joki and Marcos Vieira and John Hicks and Deborah Estrin and Ramesh Govindan and Eddie Kohler",
  crossref = "j:tosn", pages = "34:1--34:44",
  volume = 6, number = 4, month = jul, year = 2010,
  www_acmdl_rl = "http://dl.acm.org/citation.cfm?doid=1777406.1777413"
}

@book{cage10indeterminacy,
  title = "Indeterminacy: New Aspect of Form in Instrumental and Electronic Music",
  author = "John Cage",
  edition = "{P}erformance",
  year = 2010,
  note = "C.~F. Peters No. 68142; Eddie Kohler, editor"
}

@inproceedings{mammarella09modular,
  title = "Modular Data Storage with {A}nvil",
  author = "Mike Mammarella and Shant Hovsepian and Eddie Kohler",
  crossref = "sosp22", pages = "147--160",
  www_pdf_url = "mammarella09modular.pdf"
}

@inproceedings{ramanathan09suelo,
  title = "{S}uelo: Human-Assisted Sensing for Exploratory Soil Monitoring Studies",
  author = "Nithya Ramanathan and Thomas Schoellhammer and Eddie Kohler and Kamin Whitehouse and Thomas Harmon and Deborah Estrin",
  crossref = "sensys09", pages = "197--210",
  www_pdf_url = "ramanathan09suelo.pdf"
}

@inproceedings{emmi09verifying,
  title = "Verifying Reference Counting Implementations",
  author = "Michael Emmi and Ranjit Jhala and Eddie Kohler and Rupak Majumdar",
  crossref = "tacas09", pages = "352--367",
  www_pdf_url = "emmi09verifying.pdf"
}

@inproceedings{bradonjic09near-optimal,
  author = "Milan Bradonji{\'c} and Eddie Kohler and Rafail Ostrovsky",
  title = "Near-Optimal Radio Use for Wireless Network Synchronization",
  crossref = "algosensors09", pages = "15--28",
  www_pdf_url = "bradonjic09near-optimal.pdf"
}

@techreport{rfc5622,
  title = "Profile for {D}atagram {C}ongestion {C}ontrol {P}rotocol ({DCCP}) {C}ongestion {ID} 4: {TCP}-Friendly Rate Control for Small Packets ({TFRC-SP})",
  author = "S. Floyd and E. Kohler",
  institution = IETF,
  type = "RFC",
  number = "5622",
  note = "Experimental",
  month = aug, year = 2009,
  www_txt_url = PubsWeb # "rfc5622.txt",
  www_pdf_url = PubsWeb # "rfc5622.pdf",
}

@inproceedings{vandebogart09reducing,
  title = "Reducing Seek Overhead with Application-Directed Prefetching",
  author = "Steve VanDeBogart and Christopher Frost and Eddie Kohler",
  crossref = "usenix09",
  www_pdf_url = PubsWeb # "vandebogart09reducing.pdf"
}

@article{ni09sensor,
  title = "Sensor Network Data Fault Types",
  author = "Kevin Ni and Nithya Ramanathan and Mohamed Nabil Hajj Chehade and Laura Balzano and Sheela Nair and Sadaf Zahedi and Eddie Kohler and Greg Pottie and Mark Hansen and Mani Srivastava",
  crossref = "j:tosn",
  volume = 5, number = 3, year = 2009, month = may,
  www_acmdl_url = "http://portal.acm.org/citation.cfm?id=1525856.1525863",
  xxx_www_pdf_url = PubsWeb # "ni09sensor.pdf"
}

@inproceedings{argyraki08can,
  title = "Can Software Routers Scale?",
  author = "Katerina Argyraki and Salman Abdul Baset and Byung-Gon Chun and Kevin Fall and Gianluca Iannaccone and Allan Knies and Eddie Kohler and Maziar Manesh and Sergiu Nedveschi and Sylvia Ratnasamy",
  crossref = "presto08", pages = "21--26",
  www_pdf_url = PubsWeb # "argyraki08can.pdf"
}

@inproceedings{kohler08hot,
  title = "Hot Crap!",
  author = "Eddie Kohler",
  crossref = "wowcs08",
  www_pdf_url = PubsWeb # "kohler08hot.pdf",
  www_note = "<a href='http://www.cs.ucla.edu/~kohler/hotcrp/'>HotCRP site</a>."
}

@inproceedings{efstathopoulos08manageable,
  title = "Manageable Fine-Grained Information Flow",
  author = "Petros Efstathopoulos and Eddie Kohler",
  crossref = "eurosys08", pages = "301--314",
  www_pdf_url = PubsWeb # "efstathopoulos08manageable.pdf"
}

@article{liogkas08exploring,
  title = "Exploring the Robustness of {B}it{T}orrent Peer-to-Peer Content Distribution Systems",
  author = "Nikitas Liogkas and Robert Nelson and Eddie Kohler and Lixia Zhang",
  crossref = "j:concurrencyandcomputation", volume = 20, number = 2,
  year = 2008, month = feb,
  pages = "179--189"
}

@inproceedings{chun08netcomplex,
  title = "{NetComplex}: A Complexity Metric for Networked System Designs",
  author = "Byung-Gon Chun and Sylvia Ratnasamy and Eddie Kohler",
  crossref = "nsdi08", pages = "393--406",
  www_pdf_url = PubsWeb # "chun08netcomplex.pdf"
}

@inproceedings{cox08xoc,
  title = "{Xoc}, An Extension-Oriented Compiler for Systems Programming",
  author = "Russ Cox and Tom Bergan and Austin Clements and Frans Kaashoek and Eddie Kohler",
  crossref = "asplos13", pages = "244--254",
  www_pdf_url = PubsWeb # "cox08xoc.pdf",
  www_note = "<a href='http://pdos.csail.mit.edu/xoc/'>Xoc site</a>."
}

@inproceedings{marciniak08small,
  title = "Small Is Not Always Beautiful",
  author = "Pawe{\l} Marciniak and Nikitas Liogkas and Arnaud Legout and Eddie Kohler",
  crossref = "iptps08",
  www_pdf_url = PubsWeb # "marciniak08small.pdf"
}

@article{vandebogart07labels,
  title = "Labels and Event Processes in the {A}sbestos Operating System",
  author = "Steve VanDeBogart and Petros Efstathopoulos and Eddie Kohler and Maxwell Krohn and Cliff Frey and David Ziegler and Frans Kaashoek and Robert Morris and David Mazi{\`e}res",
  crossref = "j:tocs", pages = "11:1--11:43",
  volume = 25, number = 4, year = 2007, month = nov,
  www_acmdl_url = "http://portal.acm.org/citation.cfm?id=1314299.1314302"
}

@inproceedings{frost07generalized,
  title = "Generalized File System Dependencies",
  author = "Christopher Frost and Mike Mammarella and Eddie Kohler and Andrew de los Reyes and Shant Hovsepian and Andrew Matsuoka and Lei Zhang",
  crossref = "sosp21",
  www_pdf_url = PubsWeb # "frost07generalized.pdf",
  pages = "307--320",
  www_note = "<a href='http://featherstitch.cs.ucla.edu/'>Featherstitch site</a>.",
  note = "Winner of an Audience Choice Award."
}

@inproceedings{krohn07information,
  title = "Information Flow Control for Standard {OS} Abstractions",
  author = "Maxwell Krohn and Alex Yip and Micah Brodsky and Natan Cliffer and M. Frans Kaashoek and Eddie Kohler and Robert Morris",
  crossref = "sosp21",
  www_pdf_url = PubsWeb # "krohn07information.pdf",
  pages = "321--334",
  www_note = "<a href='http://flume.csail.mit.edu/'>Flume site</a>."
}

@inproceedings{kumar07system,
  title = "A System for Coarse Grained Memory Protection in Tiny Embedded Processors",
  author = "Ram Kumar and Akhilesh Singhania and Andrew Castner and Eddie Kohler and Mani Srivastava",
  crossref = "dac07",
  www_pdf_url = PubsWeb # "kumar07system.pdf",
  pages = "218--223"
}

@inproceedings{krohn07events,
  title = "Events Can Make Sense",
  author = "Maxwell Krohn and Eddie Kohler and M. Frans Kaashoek",
  crossref = "usenix07", pages = "87--100",
  www_pdf_url = PubsWeb # "krohn07events.pdf",
  www_note = "<a href='http://www.read.cs.ucla.edu/tamer/'>Tamer site</a>."
}

@inproceedings{legout07clustering,
  title = "Clustering and Sharing Incentives in {B}it{T}orrent Systems",
  author = "Arnaud Legout and Nikitas Liogkas and Eddie Kohler and Lixia Zhang",
  crossref = "sigmetrics07", pages = "301--312",
  month = jun, year = 2007,
  www_main_url = "http://hal.inria.fr/inria-00137444/en/",
  www_pdf_localletter_url = PubsWeb # "legout07clustering.pdf",
  www_note1 = "An earlier version was published as <a href='http://hal.inria.fr/inria-00112066/en'>INRIA technical report 00112066</a>, November 2006 <a href='" # PubsWeb # "legout06clustering.pdf'>(local PDF)</a>."
}

@inproceedings{kumar07harbor,
  title = "Harbor: Software-based Memory Protection for Sensor Nodes",
  author = "Ram Kumar and Eddie Kohler and Mani Srivastava",
  crossref = "ipsn07",
  pages = "340--349",
  www_pdf_url = PubsWeb # "kumar07harbor.pdf"
}

@article{kohler06observed,
  title = "Observed structure of addresses in {IP} traffic",
  author = "Eddie Kohler and Jinyang Li and Vern Paxson and Scott Shenker",
  crossref = "j:ton",
  volume = "14", number = "6", pages = "1207--1218",
  year = 2006, month = dec,
  www_acmdl_url = "http://portal.acm.org/citation.cfm?id=1217692"
}

@techreport{legout06clustering,
  title = "Clustering and Sharing Incentives in {B}it{T}orrent Systems",
  author = "Arnaud Legout and Nikitas Liogkas and Eddie Kohler and Lixia Zhang",
  institution = "INRIA",
  number = "00112066",
  month = nov, year = 2006,
  www_main_url = "http://hal.inria.fr/inria-00112066/en",
  www_pdf_localletter_url = PubsWeb # "legout06clustering.pdf",
  paperclass = "ignore"
}

@inproceedings{zeldovich06making,
  title = "Making Information Flow Explicit in {H}i{S}tar",
  author = "Nickolai Zeldovich and Silas Boyd-Wickizer and Eddie Kohler and David Mazi{\`e}res",
  crossref = "osdi7", pages = "263--278",
  www_pdf_url = PubsWeb # "zeldovich06making.pdf"
}

@inproceedings{gnawali06tenet,
  title = "The {T}enet Architecture for Tiered Sensor Networks",
  author = "Omprakash Gnawali and Ben Greenstein and Ki-Young Jang and August Joki and Jeongyeup Paek and Marcos Vieira and Deborah Estrin and Ramesh Govindan and Eddie Kohler",
  crossref = "sensys06",
  www_pdf_url = PubsWeb # "gnawali06tenet.pdf",
  www_note = "<a href='http://tenet.usc.edu/'>Tenet site</a>."
}

@inproceedings{greenstein06capturing,
  title = "Capturing High-Frequency Phenomena Using a Bandwidth-Limited Sensor Network",
  author = "Ben Greenstein and Christopher Mar and Alex Pesterev and Shahin Farshchi and Eddie Kohler and Jack Judy and Deborah Estrin",
  crossref = "sensys06",
  www_pdf_url = PubsWeb # "greenstein06capturing.pdf",
  www_note = "<a href='http://vango.cs.ucla.edu/'>VanGo site</a>."
}

@inproceedings{kohler06designing,
  title = "Designing {DCCP}: Congestion Control Without Reliability",
  author = "Eddie Kohler and Sally Floyd and Mark Handley",
  crossref = "sigcomm06", pages = "27--38",
  www_pdf_url = PubsWeb # "kohler06designing.pdf",
  www_larger_pdf_url = PubsWeb # "kohler06designing-10pt.pdf",
  www_note = "<a href='kohler06designing-talk.pdf'>Talk slides (PDF)</a>.",
  www_note1 = "<a href='" # DCCPWeb # "'>DCCP site</a>.",
}

@inproceedings{kumar06software-based,
  title = "Software-Based Memory Protection in Sensor Nodes",
  author = "Kumar Rengaswamy, Ram and Eddie Kohler and Mani Srivastava",
  crossref = "emnets06",
  www_pdf_url = PubsWeb # "kumar06software-based.pdf"
}

@techreport{rfc4340,
  title = "{D}atagram {C}ongestion {C}ontrol {P}rotocol",
  author = "E. Kohler and M. Handley and S. Floyd",
  institution = IETF,
  type = "RFC",
  number = "4340",
  month = mar, year = 2006,
  www_txt_url = PubsWeb # "rfc4340.txt",
  www_pdf_url = PubsWeb # "rfc4340.pdf",
  note = "Proposed Standard",
  www_note = "IETF link: <a href='http://www.rfc-editor.org/rfc/rfc4340.txt'>RFC 4340</a>.",
  www_note1 = "<a href='" # DCCPWeb # "'>DCCP site</a>.",
}

@techreport{rfc4341,
  title = "Profile for {D}atagram {C}ongestion {C}ontrol {P}rotocol ({DCCP}) {C}ongestion {C}ontrol {ID} 2: {TCP}-like {C}ongestion {C}ontrol",
  author = "S. Floyd and E. Kohler",
  institution = IETF,
  type = "RFC",
  number = "4341",
  month = mar, year = 2006,
  www_txt_url = PubsWeb # "rfc4341.txt",
  www_pdf_url = PubsWeb # "rfc4341.pdf",
  note = "Proposed Standard",
  www_note = "IETF link: <a href='http://www.rfc-editor.org/rfc/rfc4341.txt'>RFC 4341</a>.",
  www_note1 = "<a href='" # DCCPWeb # "'>DCCP site</a>.",
}

@techreport{rfc4342,
  title = "Profile for {D}atagram {C}ongestion {C}ontrol {P}rotocol ({DCCP}) {C}ongestion {C}ontrol {ID} 3: {TCP}-{F}riendly {R}ate {C}ontrol ({TFRC})",
  author = "S. Floyd and E. Kohler and J. Padhye",
  institution = IETF,
  type = "RFC",
  number = "4342",
  month = mar, year = 2006,
  www_txt_url = PubsWeb # "rfc4342.txt",
  www_pdf_url = PubsWeb # "rfc4342.pdf",
  note = "Proposed Standard",
  www_note = "IETF link: <a href='http://www.rfc-editor.org/rfc/rfc4342.txt'>RFC 4342</a>.",
  www_note1 = "<a href='" # DCCPWeb # "'>DCCP site</a>.",
}

@techreport{rfc4336,
  title = "Problem Statement for the {D}atagram {C}ongestion {C}ontrol {P}rotocol ({DCCP})",
  author = "S. Floyd and M. Handley and E. Kohler",
  institution = IETF,
  type = "RFC",
  number = "4336",
  month = mar, year = 2006,
  www_txt_url = PubsWeb # "rfc4336.txt",
  www_pdf_url = PubsWeb # "rfc4336.pdf",
  note = "Informational",
  www_note = "IETF link: <a href='http://www.rfc-editor.org/rfc/rfc4336.txt'>RFC 4336</a>.",
  www_note1 = "<a href='" # DCCPWeb # "'>DCCP site</a>.",
}

@inproceedings{liogkas06exploiting,
  title = "Exploiting {B}it{T}orrent for Fun (But Not Profit)",
  author = "Nikitas Liogkas and Robert Nelson and Eddie Kohler and Lixia Zhang",
  crossref = "iptps06",
  year = 2006, month = feb,
  www_pdf_url = PubsWeb # "liogkas06exploiting.pdf"
}

@techreport{kohler06click,
  title = "Click for Measurement",
  author = "Eddie Kohler",
  type = "{UCLA} Computer Science Department Technical Report",
  number = "TR060010",
  year = 2006, month = feb,
  paperclass = "secondary",
  www_pdf_url = PubsWeb # "kohler06click.pdf"
}

@inproceedings{ramanathan05sympathy,
  title = "Sympathy for the Sensor Network Debugger",
  author = "Nithya Ramanathan and Kevin Chang and Rahul Kapur and Lewis Girod and Eddie Kohler and Deborah Estrin",
  crossref = "sensys05", pages = "255--267",
  www_pdf_url = PubsWeb # "ramanathan05sympathy.pdf"
}

@inproceedings{tsigkogiannis05dynamically,
  title = "Dynamically Configurable Robotic Sensor Networks (demo abstract)",
  author = "Ilias Tsigkogiannis and Rahul Balani and James Carwana and Jonathan Friedman and David Lee and Chih-Chieh Han and Roy Shea and Ram Kumar Rengaswamy and Michael Petralia and Laura Corman and Eric Wittenmeier and Eddie Kohler and Mani B. Srivastava",
  crossref = "sensys05",
  pages = 321,
  paperclass = "secondary"
}

@inproceedings{efstathopoulos05labels,
  title = "Labels and Event Processes in the {A}sbestos Operating System",
  author = "Petros Efstathopoulos and Maxwell Krohn and Steve VanDeBogart and Cliff Frey and David Ziegler and Eddie Kohler and David Mazi{\`e}res and Frans Kaashoek and Robert Morris",
  crossref = "sosp20", pages = "17--30",
  www_pdf_url = PubsWeb # "efstathopoulos05labels.pdf",
  www_note = "It is probably better to cite <a href='#vandebogart07labels'>the ACM TOCS version</a>, which has much better explication and demonstrates much better performance."
}

@inproceedings{delosreyes05kudos,
  title = "The {K}ud{OS} Architecture for File Systems",
  papertype = "Work-in-progress report",
  author = "de los Reyes, Andrew and Chris Frost and Eddie Kohler and Mike Mammarella and Lei Zhang",
  crossref = "sosp20",
  paperclass = "secondary",
  www_pdf_url = PubsWeb # "delosreyes05kudos.pdf"
}

@inproceedings{cunningham05making,
  title = "Making Events Less Slippery with eel",
  author = "Ryan Cunningham and Eddie Kohler",
  crossref = "hotos05", pages = "13--18",
  www_pdf_url = PubsWeb # "cunningham05making.pdf"
}

@inproceedings{krohn05make,
  title = "Make Least Privilege a Right (Not a Privilege)",
  author = "Maxwell Krohn and Petros Efstathopoulos and Cliff Frey and Frans Kaashoek and Eddie Kohler and David Mazi{\`e}res and Robert Morris and Michelle Osborne and Steve VanDeBogart and David Ziegler",
  crossref = "hotos05", pages = "121--126",
  www_pdf_url = PubsWeb # "krohn05make.pdf"
}

@inproceedings{han05dynamic,
  author = "Chih-Chieh Han and Ram Kumar and Roy Shea and Eddie Kohler and Mani Srivastava",
  title = "A Dynamic Operating System for Sensor Nodes",
  www_pdf_url = PubsWeb # "han05dynamic.pdf",
  pages = "163--176",
  crossref = "mobisys05"
}

@inproceedings{handley05designing,
  author = "Mark Handley and Eddie Kohler and Atanu Ghosh and Orion Hodson and Pavlin Radoslavov",
  title = "Designing Extensible {IP} Router Software",
  www_pdf_url = PubsWeb # "handley05designing.pdf",
  crossref = "nsdi05", pages = "189--202"
}

@inproceedings{mazieres05get,
  author = "David Mazi{\`e}res and Eddie Kohler",
  title = "Get me off your -{}-{}-{}-{}-{}-{}- mailing list",
  booktitle = "Submitted to the 9th World Multi-Conference on Systemics, Cybernetics, and Informatics",
  address = "Orlando, Florida",
  year = 2005, month = jul,
  bookurl = "http://www.infocybernetics.org/citsa2005/WebSite/Submission.asp",
  www_pdf_url = PubsWeb # "mazieres05get.pdf",
  www_note = "Related work: <a href='http://pdos.csail.mit.edu/scigen/'>Rooter: A Methodology for the Typical Unification of Access Points and Redundancy</a>, by Jeremy Stribling, Daniel Aguayo, and Maxwell Krohn.  Don't miss the <a href='http://pdos.csail.mit.edu/scigen/#talks'>video</a>!",
  www_note1 = "<a href='http://isotropic.org/uw/papers/chicken.pdf'>Unrelated prior work</a>."
}

@article{ramanathan05towards,
  author = "Nithya Ramanathan and Eddie Kohler and Deborah Estrin",
  title = "Towards a Debugging System for Sensor Networks",
  crossref = "j:ijnm",
  volume = 15, number = 4, month = jul, year = 2005,
  pages = "223--234"
}

@inproceedings{lai04efficiency,
  title = "Efficiency and Late Data Choice in a User-Kernel Interface for Congestion-Controlled Datagrams",
  author = "Junwen Lai and Eddie Kohler",
  crossref = "mmcn05",
  www_pdf_url = PubsWeb # "lai04efficiency.pdf"
}

@inproceedings{greenstein04distributed,
  title = "Distributed Techniques for Area Computation in Sensor Networks",
  author = "Ben Greenstein and Eddie Kohler and David Culler and Deborah Estrin",
  crossref = "emnets04",
  paperclass = "secondary",
  pages = "533--541",
  www_pdf_url = PubsWeb # "areacomp-emnets04.pdf"
}

@inproceedings{ramanathan04sympathy,
  title = "Sympathy: A Debugging System for Sensor Networks",
  author = "Nithya Ramanathan and Eddie Kohler and Lewis Girod and Deborah Estrin",
  crossref = "emnets04",
  papertype = "Short paper",
  paperclass = "secondary",
  pages = "554--555",
  www_pdf_url = PubsWeb # "sympathy-emnets04.pdf"
}

@inproceedings{greenstein04sensor,
  title = "A {S}ensor {N}etwork {A}pplication {C}onstruction {K}it ({SNACK})",
  author = "Ben Greenstein and Eddie Kohler and Deborah Estrin",
  crossref = "sensys04",
  www_pdf_url = PubsWeb # "snack-sensys04.pdf"
}

@inproceedings{katti04multiq,
  title = "{M}ulti{Q}: Automated Detection of Multiple Bottleneck Capacities Along a Path",
  author = "Sachin Katti and Dina Katabi and Charles Blake and Eddie Kohler and Jacob Strauss",
  crossref = "imc04",
  pages = "245--250",
  www_pdf_url = PubsWeb # "multiq-imc04.pdf"
}

@inproceedings{cao04realtime,
  title = "Real-Time Speech Motion Synthesis from Recorded Motions",
  author = "Yong Cao and Petros Faloutsos and Eddie Kohler and Fr{\'e}d{\'e}ric Pighin",
  crossref = "sca04",
  pages = "345--353",
  www_pdf_url = PubsWeb # "realtimespeech-sca04.pdf"
}

@techreport{katti04mandm,
  title = "{M\&M}: A Passive Toolkit for Measuring, Correlating, and Tracking Path Characteristics",
  author = "Sachin Katti and Dina Katabi and Eddie Kohler and Jacob Strauss",
  type = "{MIT} Techical Report",
  number = "MIT-CSAIL-TR-945",
  year = 2004, month = apr,
  paperclass = "secondary",
  www_pdf_url = PubsWeb # "mandm-feb04-tr.pdf"
}

@inproceedings{floyd02internet,
  title = "Internet Research Needs Better Models",
  author = "Sally Floyd and Eddie Kohler",
  crossref = "hotnets1",
  www_pdf_url = PubsWeb # "models-hotnets02.pdf"
}

@inproceedings{handley02xorp,
  title = "{XORP}: An Open Platform for Network Research",
  author = "Mark Handley and Orion Hodson and Eddie Kohler",
  crossref = "hotnets1",
  pages = "53--57",
  www_pdf_url = PubsWeb # "xorp-hotnets02.pdf"
}

@inproceedings{kohler02observed,
  title = "Observed structure of addresses in {IP} traffic",
  author = "Eddie Kohler and Jinyang Li and Vern Paxson and Scott Shenker",
  crossref = "imw02",
  pages = "253--266",
  www_pdf_url = PubsWeb # "ipstructure-imw02.pdf",
  note = "\emph{Special recognition (one of several papers selected for fast-track publication in IEEE/ACM Transactions on Networking).}"
}

@inproceedings{kohler02programming,
  title = "Programming language optimizations for modular router configurations",
  author = "Eddie Kohler and Robert Morris and Benjie Chen",
  crossref = "asplos10",
  pages = "251--263",
  www_pdf_url = PubsWeb # "click-asplos02.pdf",
  www_note = "<a href='http://www.pdos.lcs.mit.edu/click/'>The Click homepage</a>."
}

@inproceedings{kohler02modular,
  title = "Modular components for network address translation",
  author = "Eddie Kohler and Robert Morris and Massimiliano Poletto",
  crossref = "openarch02",
  pages = "39--50",
  paperclass = "secondary",
  www_pdf_url = PubsWeb # "rewriter-openarch02.pdf",
  www_note = "The December 2000 technical report is <a href='" # PubsWeb # "rewriter-tr.pdf'>here</a>.",
  www_note1 = "<a href='http://www.pdos.lcs.mit.edu/click/'>The Click homepage</a>."
}

@phdthesis{click:kohler-phd,
  title = "The {C}lick modular router",
  author = "Eddie Kohler",
  school = MIT,
  year = 2000, month = nov,
  www_pdf_url = PubsWeb # "phdthesis.pdf",
  www_note = "<a href='http://www.pdos.lcs.mit.edu/click/'>The Click homepage</a>."
}

@techreport{click:lcstr00,
  title = "Programming language techniques for modular router configurations",
  author = "Eddie Kohler and Benjie Chen and M. Frans Kaashoek and Robert Morris and Massimiliano Poletto",
  institution = MIT-LCS,
  year = 2000, month = aug,
  number = "MIT-LCS-TR-812",
  www_pdf_url = PubsWeb # "clicklangtech-tr.pdf",
  www_note = "<a href='http://www.pdos.lcs.mit.edu/click/'>The Click homepage</a>."
}

@article{kohler00click,
  title = "The {C}lick modular router",
  author = "Eddie Kohler and Robert Morris and Benjie Chen and John Jannotti and M. Frans Kaashoek",
  crossref = "j:tocs",
  volume = 18, number = 3,
  year = 2000, month = aug,
  pages = "263--297",
  www_acmdl_url = "http://portal.acm.org/citation.cfm?id=354871.354874",
  www_ps_url = PubsWeb # "click-tocs00.ps",
  www_pdf_url = PubsWeb # "click-tocs00.pdf",
  www_note = "<a href='http://www.pdos.lcs.mit.edu/click/'>The Click homepage</a>."
}

@inproceedings{morris99click,
  title = "The {C}lick modular router",
  author = "Robert Morris and Eddie Kohler and John Jannotti and M. Frans Kaashoek",
  crossref = "sosp17",
  pages = "217--231",
  www_abstract_url = PubsWeb # "/papers/click:sosp99/",
  www_ps_url = PubsWeb # "click-sosp99.ps",
  www_pdf_url = PubsWeb # "click-sosp99.pdf",
  www_note = "We would prefer that you cite the TOCS version, above.",
  www_note1 = "<a href='http://www.pdos.lcs.mit.edu/click/'>The Click homepage</a>.",
  note = "\emph{Special recognition (one of four papers selected for fast-track publication in ACM Transactions on Operating Systems).}"
}

@inproceedings{kohler99readable,
  title = "A readable {TCP} in the {Prolac} protocol language",
  author = "Eddie Kohler and M. Frans Kaashoek and David R. Montgomery",
  crossref = "sigcomm99",
  pages = "3--13",
  www_ps_url = PubsWeb # "prolac-sigcomm99.ps",
  www_pdf_url = PubsWeb # "prolac-sigcomm99.pdf",
  www_note = "<a href='http://www.pdos.lcs.mit.edu/~eddietwo/prolac/'>Download Prolac</a> (historical interest only)."
}

@inproceedings{evolving-software:wcsss99,
  title = "Evolving software with an application-specific language",
  author = "Eddie Kohler and Massimiliano Poletto and David R. Montgomery",
  crossref = "wcsss99",
  paperclass = "secondary",
  pages = "94--102",
  www_pdf_url = PubsWeb # "language-wcsss99.pdf",
}

@mastersthesis{prolac:kohler-ms,
  title = "Prolac: a language for protocol compilation",
  author = "Eddie Kohler",
  school = MIT,
  year = 1997, month = sep,
  paperclass = "secondary",
  www_pdf_url = PubsWeb # "mastersthesis.pdf",
  www_note = "<a href='http://www.pdos.lcs.mit.edu/~eddietwo/prolac/'>Download Prolac</a> (historical interest only)."
}
