@Proceedings{SOSP3,
  title = 	 POT # " 3rd " # SOSP,
  booktitle = 	 POT # " 3rd " # SOSP,
  year =        1972,
  month =	{March},
}

@Proceedings{SOSP5,
  title = 	 POT # " 5th " # SOSP,
  booktitle = 	 POT # " 5th " # SOSP,
  year =        1975,
  month =	{November},
  address =	{Austin, TX},
}

@Proceedings{SOSP6,
  title = 	 POT # " 6th " # SOSP,
  booktitle = 	 POT # " 6th " # SOSP,
  year =        1977,
  address =	{West Lafayette, IN},
}

@Proceedings{SOSP8,
  title = 	 POT # " 8th " # SOSP,
  booktitle = 	 POT # " 8th " # SOSP,
  year =        1981,
  month =	{December},
  address =	{Pacific Grove, CA},
}

@Proceedings{SOSP9,
  title = 	 POT # " 9th " # SOSP,
  booktitle = 	 POT # " 9th " # SOSP,
  year =        1983,
}

@Proceedings{SOSP10,
  title = 	 POT # " 10th " # SOSP,
  booktitle = 	 POT # " 10th " # SOSP,
  address =     {Orcas Island, WA},
  year =        1985,
  month =       Dec,
}

@Proceedings{SOSP12,
  title = 	 POT # " 12th " # SOSP,
  booktitle = 	 POT # " 12th " # SOSP,
  year = 	 1989,
}

@Proceedings{SOSP13,
  title = 	 POT # " 13th " # SOSP,
  booktitle = 	 POT # " 13th " # SOSP,
  year = 	 1991,
  month =	 Oct,
  address =     {Pacific Grove, CA},
}

@Proceedings{SOSP14,
  title = 	 POT # " 14th " # SOSP,
  booktitle = 	 POT # " 14th " # SOSP,
  year = 	 1993,
  month	=	{December},
  address =	{Asheville, NC},
}

@Proceedings{SOSP15,
  title = 	 POT # " 15th " # SOSP,
  booktitle = 	 POT # " 15th " # SOSP,
  year = 	 1995,
  month = 	 {December},
  address =     {Copper Mountain, CO},
}

@Proceedings{SOSP16,
  title = 	 POT # " 16th " # SOSP,
  booktitle = 	 POT # " 16th " # SOSP,
  month = 	 {October},
  year = 	 1997,
  address =     {Saint-Malo, France},
}

@Proceedings{SOSP17,
  title = 	 POT # " 17th " # SOSP,
  booktitle = 	 POT # " 17th " # SOSP,
  month = 	 {December},
  year = 	 1999,
  address =     {Kiawa Island, SC},
}

@Proceedings{SOSP18,
  title = 	 POT # " 18th " # SOSP,
  booktitle = 	 POT # " 18th " # SOSP,
  month = 	 {October},
  year = 	 2001,
  address =     {Chateau Lake Louise, Banff, Canada},
}

@Proceedings{SOSP19,
  title = 	 POT # " 19th " # SOSP,
  booktitle = 	 POT # " 19th " # SOSP,
  month = 	 {October},
  year = 	 2003,
  address =     {Bolton Landing, NY},
}

@Proceedings{SOSP20,
  title = 	 POT # " 20th " # SOSP,
  booktitle = 	 POT # " 20th " # SOSP,
  month = 	 {October},
  year = 	 2005,
  address =     {Brighton, UK},
}

@Proceedings{SOSP21,
  title =	POT # " 21st " # SOSP,
  booktitle =	POT # " 21st " # SOSP,
  month =	{October},
  year =	2007,
  address =	{Stevenson, WA},
}

@Proceedings{SOSP22,
  title =	POT # " 22nd " # SOSP,
  booktitle =	POT # " 22nd " # SOSP,
  month =	{October},
  year =	2009,
  address =	{Big Sky, MT},
}

@Proceedings{SOSP23,
  title =	POT # " 23rd " # SOSP,
  booktitle =	POT # " 23rd " # SOSP,
  month =	{October},
  year =	2011,
  address =	{Cascais, Portugal},
}


@Proceedings{USENIX85S,
  title = 	 POT # " {S}ummer 1985 " # USENIX,
  booktitle = 	 POT # " {S}ummer 1985 " # USENIX,
  year = 	 1985,
  address = 	 {Portland, OR},
}

@Proceedings{USENIX86S,
  title = 	 POT # " {S}ummer 1986 " # USENIX,
  booktitle = 	 POT # " {S}ummer 1986 " # USENIX,
  year = 	 1986,
}

@Proceedings{USENIX88W,
  title = 	 POT # " {W}inter 1988 " # USENIX,
  booktitle = 	 POT # " {W}inter 1988 " # USENIX,
  year = 	 1988,
  address = 	 {Dallas, TX},
}

@Proceedings{USENIX89W,
  title = 	 POT # " {W}inter 1989 " # USENIX,
  booktitle = 	 POT # " {W}inter 1989 " # USENIX,
  year = 	 1989,
}

@Proceedings{USENIX90W,
  title = 	 POT # " {W}inter 1990 " # USENIX,
  booktitle = 	 POT # " {W}inter 1990 " # USENIX,
  year = 	 1990,
  address = 	 {Colorado Springs, CO},
}

@Proceedings{USENIX90S,
  title = 	 POT # " {S}ummer 1990 " # USENIX,
  booktitle = 	 POT # " {S}ummer 1990 " # USENIX,
  year = 	 1990,
  address = 	 {Anaheim, CA},
}

@Proceedings{USENIX91W,
  title = 	 POT # " {W}inter 1991 " # USENIX,
  booktitle = 	 POT # " {W}inter 1991 " # USENIX,
  year = 	 1991,
}

@Proceedings{USENIX92W,
  title = 	 POT # " {W}inter 1992 " # USENIX,
  booktitle = 	 POT # " {W}inter 1992 " # USENIX,
  year = 	 1992,
  month =	 Jan,
}

@Proceedings{USENIX93S,
  title = 	 POT # " {S}ummer 1993 " # USENIX,
  booktitle = 	 POT # " {S}ummer 1993 " # USENIX,
  year = 	 1993,
  month =	 {April},
}

@Proceedings{USENIX94W,
  title = 	 POT # " {W}inter 1994 " # USENIX,
  booktitle = 	 POT # " {W}inter 1994 " # USENIX,
  year = 	 1994,
  month =	 Jan,
  address =     {San Francisco, CA},
}

@Proceedings{USENIX97,
  title = 	 POT # " 1997 " # USENIX,
  booktitle = 	 POT # " 1997 " # USENIX,
  year = 	 1997,
  month =	 Jan,
}

@Proceedings{USENIX99,
  title = 	 POT # " 1999 " # USENIX,
  booktitle = 	 POT # " 1999 " # USENIX,
  year = 	 1999,
  month =	 {June},
}

@Proceedings{USENIX00,
  title = 	 POT # " 2000 " # USENIX,
  booktitle = 	 POT # " 2000 " # USENIX,
  year = 	 2000,
  month =	 {June},
}

@Proceedings{USENIX01,
  title = 	 POT # " 2001 " # USENIX,
  booktitle = 	 POT # " 2001 " # USENIX,
  year = 	 2001,
  month =	 {June},
}

@Proceedings{USENIX03,
  title = 	 POT # " 2003 " # USENIX,
  booktitle = 	 POT # " 2003 " # USENIX,
  month =	 {June},
  year = 	 2003,
  address = 	 {San Antonio, TX},
}

@Proceedings{USENIX04,
  title = 	 POT # " 2004 " # USENIX,
  booktitle = 	 POT # " 2004 " # USENIX,
  month =	 {June--July},
  year = 	 2004,
  address = 	 {Boston, MA},
}

@Proceedings{USENIX06,
  title		= POT # " 2006 " # USENIX,
  booktitle	= POT # " 2006 " # USENIX,
  month		= {May--June},
  year		= 2006,
  address	= {Boston, MA},
}

@Proceedings{USENIX08,
  title		= POT # " 2008 " # USENIX,
  booktitle	= POT # " 2008 " # USENIX,
  month		= {June},
  year		= 2008,
  address	= {Boston, MA},
}

@Proceedings{USENIX09,
  title		= POT # " 2009 " # USENIX,
  booktitle	= POT # " 2009 " # USENIX,
  month		= {June},
  year		= 2009,
  address	= {San Diego, CA},
}

@Proceedings{USENIX10,
  title		= POT # " 2010 " # USENIX,
  booktitle	= POT # " 2010 " # USENIX,
  month		= {June},
  year		= 2010,
  address	= {Boston, MA},
}


@Proceedings{NSDI04,
  title		= POT # { 1st } # NSDI,
  booktitle	= POT # { 1st } # NSDI,
  month		= {March},
  year		= 2004,
  address	= {San Francisco, CA},
}

@Proceedings{NSDI05,
  title		= POT # { 2nd } # NSDI,
  booktitle	= POT # { 2nd } # NSDI,
  month		= {May},
  year		= 2005,
  address	= {Boston, MA},
}

@Proceedings{NSDI06,
  title		= POT # { 3rd } # NSDI,
  booktitle	= POT # { 3rd } # NSDI,
  month		= {May},
  year		= 2006,
  address	= {San Jose, CA},
}

@Proceedings{NSDI07,
  title		= POT # { 4th } # NSDI,
  booktitle	= POT # { 4th } # NSDI,
  month		= {April},
  year		= 2007,
  address	= {Cambridge, MA},
}

@Proceedings{NSDI08,
  title		= POT # { 5th } # NSDI,
  booktitle	= POT # { 5th } # NSDI,
  month		= {April},
  year		= 2008,
  address	= {San Francisco, CA},
}

@Proceedings{NSDI10,
  title		= POT # { 7th } # NSDI,
  booktitle	= POT # { 7th } # NSDI,
  month		= {April},
  year		= 2010,
  address	= {San Jose, CA},
}


@Proceedings{PLDI95,
    title      = POT # { 1995 } # PLDI,
    booktitle  = POT # { 1995 } # PLDI,
    month      = {June},
    year       = 1995,
    address    = {La Jolla, CA},
}

@Proceedings{PLDI97,
    title	= POT # { 1997 } # PLDI,
    booktitle	= POT # { 1997 } # PLDI,
    month	= {June},
    year	= 1997,
    address	= {Las Vegas, NV},
}

@Proceedings{PLDI02,
    title	= POT # { 2002 } # PLDI,
    booktitle	= POT # { 2002 } # PLDI,
    month	= {June},
    year	= 2002,
    address	= {Berlin, Germany},
}

@Proceedings{PLDI03,
    title	= POT # { 2003 } # PLDI,
    booktitle	= POT # { 2003 } # PLDI,
    month	= {June},
    year	= 2003,
    address	= {San Diego, CA},
}

@Proceedings{PLDI04,
    title	= POT # { 2004 } # PLDI,
    booktitle	= POT # { 2004 } # PLDI,
    month	= {June},
    year	= 2004,
    address	= {Washington, DC},
}

@Proceedings{PLDI05,
    title	= POT # { 2005 } # PLDI,
    booktitle	= POT # { 2005 } # PLDI,
    month	= {June},
    year	= 2005,
    address	= {Chicago, IL},
}

@Proceedings{PLDI06,
    title	= POT # { 2006 } # PLDI,
    booktitle	= POT # { 2006 } # PLDI,
    month	= {June},
    year	= 2006,
    address	= {Ottawa, Canada},
}

@Proceedings{PLDI07,
    title	= POT # { 2007 } # PLDI,
    booktitle	= POT # { 2007 } # PLDI,
    month	= {June},
    year	= 2007,
    address	= {San Diego, CA},
}

@Proceedings{PLDI09,
    title	= POT # { 2009 } # PLDI,
    booktitle	= POT # { 2009 } # PLDI,
    month	= {June},
    year	= 2009,
    address	= {Dublin, Ireland},
}

@Proceedings{PLDI11,
    title	= POT # { 2011 } # PLDI,
    booktitle	= POT # { 2011 } # PLDI,
    month	= {June},
    year	= 2011,
    address	= {San Jose, CA},
}


@Proceedings{OSDI99,
    title	= POT # { 3rd } # OSDI,
    booktitle	= POT # { 3rd } # OSDI,
    month	= {February},
    year	= 1999,
    address	= {New Orleans, LA},
}
    
@Proceedings{OSDI00,
    title	= POT # { 4th } # OSDI,
    booktitle	= POT # { 4th } # OSDI,
    month	= {October},
    year	= 2000,
    address	= {San Diego, CA},
}
    
@Proceedings{OSDI02,
    title	= POT # { 5th } # OSDI,
    booktitle	= POT # { 5th } # OSDI,
    month	= {December},
    year	= 2002,
    address	= {Boston, MA},
}

@Proceedings{OSDI04,
    title	= POT # { 6th } # OSDI,
    booktitle	= POT # { 6th } # OSDI,
    month	= {December},
    year	= 2004,
    address	= {San Francisco, CA},
}

@Proceedings{OSDI06,
    title	= POT # { 7th } # OSDI,
    booktitle	= POT # { 7th } # OSDI,
    month	= {November},
    year	= 2006,
    address	= {Seattle, WA},
}

@Proceedings{OSDI08,
    title	= POT # { 8th } # OSDI,
    booktitle	= POT # { 8th } # OSDI,
    month	= {December},
    year	= 2008,
    address	= {San Diego, CA},
}

@Proceedings{OSDI10,
    title	= POT # { 9th } # OSDI,
    booktitle	= POT # { 9th } # OSDI,
    month	= {October},
    year	= 2010,
    address	= {Vancouver, Canada},
}

@Proceedings{OSDI12,
    title	= POT # { 10th } # OSDI,
    booktitle	= POT # { 10th } # OSDI,
    month	= {October},
    year	= 2012,
    address	= {Hollywood, CA},
}


@Proceedings{EUROSYS07,
    title	= POT # EUROSYS,
    booktitle	= POT # EUROSYS,
    month	= {March},
    year	= 2007,
    address	= {Lisbon, Portugal},
}

@Proceedings{EUROSYS09,
    title	= POT # EUROSYS,
    booktitle	= POT # EUROSYS,
    month	= {March},
    year	= 2009,
    address	= {Nuremberg, Germany},
}

@Proceedings{EUROSYS10,
    title	= POT # EUROSYS,
    booktitle	= POT # EUROSYS,
    month	= {April},
    year	= 2010,
    address	= {Paris, France},
}

@Proceedings{EUROSYS11,
    title	= POT # EUROSYS,
    booktitle	= POT # EUROSYS,
    month	= {April},
    year	= 2011,
    address	= {Salzburg, Austria},
}

@Proceedings{EUROSYS12,
    title	= POT # EUROSYS,
    booktitle	= POT # EUROSYS,
    month	= {April},
    year	= 2012,
    address	= {Bern, Switzerland},
}


@Proceedings{ASPLOS02,
    title	= POT # { 10th } # ASPLOS,
    booktitle	= POT # { 10th } # ASPLOS,
    month	= {October},
    year	= 2002,
    address	= {San Jose, CA},
}

@Proceedings{ASPLOS08,
    title	= POT # { 13th } # ASPLOS,
    booktitle	= POT # { 13th } # ASPLOS,
    month	= {March},
    year	= 2008,
    address	= {Seattle, WA},
}

@Proceedings{ASPLOS09,
    title	= POT # { 14th } # ASPLOS,
    booktitle	= POT # { 14th } # ASPLOS,
    month	= {March},
    year	= 2009,
    address	= {Washington, DC},
}

@Proceedings{ASPLOS11,
    title	= POT # { 16th } # ASPLOS,
    booktitle	= POT # { 16th } # ASPLOS,
    month	= {March},
    year	= 2011,
    address	= {Newport Beach, CA},
}

@Proceedings{ASPLOS12,
    title	= POT # { 17th } # ASPLOS,
    booktitle	= POT # { 17th } # ASPLOS,
    month	= {March},
    year	= 2012,
    address	= {London, UK},
}


@Proceedings{CCS94,
    title	= POT # { 2nd } # CCS,
    booktitle	= POT # { 2nd } # CCS,
    month	= {November},
    year	= 1994,
    address	= {Fairfax, VA},
}

@Proceedings{CCS03,
    title	= POT # { 10th } # CCS,
    booktitle	= POT # { 10th } # CCS,
    month	= {October},
    year	= 2003,
    address	= {Washington, DC},
}

@Proceedings{CCS07,
    title	= POT # { 14th } # CCS,
    booktitle	= POT # { 14th } # CCS,
    month	= {October--November},
    year	= 2007,
    address	= {Alexandria, VA},
}


@Proceedings{USEC96,
    title	= POT # { 6th } # USEC,
    booktitle	= POT # { 6th } # USEC,
    month	= {July},
    year	= 1996,
    address	= {San Jose, CA},
}

@Proceedings{USEC98,
    title	= POT # { 7th } # USEC,
    booktitle	= POT # { 7th } # USEC,
    month	= {January},
    year	= 1998,
    address	= {San Antonio, TX},
}

@Proceedings{USEC02,
    title	= POT # { 11th } # USEC,
    booktitle	= POT # { 11th } # USEC,
    month	= {August},
    year	= 2002,
    address	= {San Francisco, CA},
}

@Proceedings{USEC03,
    title	= POT # { 12th } # USEC,
    booktitle	= POT # { 12th } # USEC,
    month	= {August},
    year	= 2003,
    address	= {Washington, DC},
}

@Proceedings{USEC05,
    title	= POT # { 14th } # USEC,
    booktitle	= POT # { 14th } # USEC,
    month	= {August},
    year	= 2005,
    address	= {Baltimore, MD},
}

@Proceedings{USEC06,
    title	= POT # { 15th } # USEC,
    booktitle	= POT # { 15th } # USEC,
    month	= {July},
    year	= 2006,
    address	= {Vancouver, Canada},
}

@Proceedings{USEC07,
    title	= POT # { 16th } # USEC,
    booktitle	= POT # { 16th } # USEC,
    month	= {August},
    year	= 2007,
    address	= {Boston, MA},
}

@Proceedings{USEC08,
    title      = POT # { 17th } # USEC,
    booktitle  = POT # { 17th } # USEC,
    month      = {July--August},
    year       = 2008,
    address    = {San Jose, CA},
}

@Proceedings{USEC09,
    title	= POT # { 18th } # USEC,
    booktitle	= POT # { 18th } # USEC,
    month	= {August},
    year	= 2009,
    address	= {Montreal, Canada},
}

@Proceedings{USEC10,
    title	= POT # { 19th } # USEC,
    booktitle	= POT # { 19th } # USEC,
    month	= {August},
    year	= 2010,
    address	= {Washington, DC},
}

@Proceedings{USEC11,
    title	= POT # { 20th } # USEC,
    booktitle	= POT # { 20th } # USEC,
    month	= {August},
    year	= 2011,
    address	= {San Francisco, CA},
}

@Proceedings{USEC12,
    title	= POT # { 21st } # USEC,
    booktitle	= POT # { 21st } # USEC,
    month	= {August},
    year	= 2012,
    address	= {Bellevue, WA},
}


@Proceedings{IEEESP81,
    title	= POT # { 2nd } # IEEESP,
    booktitle	= POT # { 2nd } # IEEESP,
    month	= {May},
    year	= 1981,
    address	= {Oakland, CA},
}

@Proceedings{IEEESP82,
    title	= POT # { 3rd } # IEEESP,
    booktitle	= POT # { 3rd } # IEEESP,
    month	= {April},
    year	= 1982,
    address	= {Oakland, CA},
}

@Proceedings{IEEESP84,
    title	= POT # { 5th } # IEEESP,
    booktitle	= POT # { 5th } # IEEESP,
    month	= {April--May},
    year	= 1984,
    address	= {Oakland, CA},
}

@Proceedings{IEEESP85,
    title	= POT # { 6th } # IEEESP,
    booktitle	= POT # { 6th } # IEEESP,
    month	= {April},
    year	= 1985,
    address	= {Oakland, CA},
}

@Proceedings{IEEESP86,
    title	= POT # { 7th } # IEEESP,
    booktitle	= POT # { 7th } # IEEESP,
    month	= {April},
    year	= 1986,
    address	= {Oakland, CA},
}

@Proceedings{IEEESP87,
    title	= POT # { 8th } # IEEESP,
    booktitle	= POT # { 8th } # IEEESP,
    month	= {April},
    year	= 1987,
    address	= {Oakland, CA},
}

@Proceedings{IEEESP88,
    title	= POT # { 9th } # IEEESP,
    booktitle	= POT # { 9th } # IEEESP,
    month	= {April},
    year	= 1988,
    address	= {Oakland, CA},
}

@Proceedings{IEEESP89,
    title	= POT # { 10th } # IEEESP,
    booktitle	= POT # { 10th } # IEEESP,
    month	= {May},
    year	= 1989,
    address	= {Oakland, CA},
}

@Proceedings{IEEESP90,
    title	= POT # { 11th } # IEEESP,
    booktitle	= POT # { 11th } # IEEESP,
    month	= {May},
    year	= 1990,
    address	= {Oakland, CA},
}

@Proceedings{IEEESP91,
    title	= POT # { 12th } # IEEESP,
    booktitle	= POT # { 12th } # IEEESP,
    month	= {May},
    year	= 1991,
    address	= {Oakland, CA},
}

@Proceedings{IEEESP92,
    title	= POT # { 13th } # IEEESP,
    booktitle	= POT # { 13th } # IEEESP,
    month	= {May},
    year	= 1992,
    address	= {Oakland, CA},
}

@Proceedings{IEEESP93,
    title	= POT # { 14th } # IEEESP,
    booktitle	= POT # { 14th } # IEEESP,
    month	= {May},
    year	= 1993,
    address	= {Oakland, CA},
}

@Proceedings{IEEESP94,
    title	= POT # { 15th } # IEEESP,
    booktitle	= POT # { 15th } # IEEESP,
    month	= {May},
    year	= 1994,
    address	= {Oakland, CA},
}

@Proceedings{IEEESP97,
    title	= POT # { 18th } # IEEESP,
    booktitle	= POT # { 18th } # IEEESP,
    month	= {May},
    year	= 1997,
    address	= {Oakland, CA},
}

@Proceedings{IEEESP98,
    title	= POT # { 19th } # IEEESP,
    booktitle	= POT # { 19th } # IEEESP,
    month	= {May},
    year	= 1998,
    address	= {Oakland, CA},
}

@Proceedings{IEEESP99,
    title	= POT # { 20th } # IEEESP,
    booktitle	= POT # { 20th } # IEEESP,
    month	= {May},
    year	= 1999,
    address	= {Oakland, CA},
}

@Proceedings{IEEESP00,
    title	= POT # { 21st } # IEEESP,
    booktitle	= POT # { 21st } # IEEESP,
    month	= {May},
    year	= 2000,
    address	= {Oakland, CA},
}

@Proceedings{IEEESP02,
    title       = POT # { 23rd } # IEEESP,
    booktitle   = POT # { 23rd } # IEEESP,
    month       = {May},
    year        = 2002,
    address     = {Oakland, CA},
}

@Proceedings{IEEESP04,
    title	= POT # { 25th } # IEEESP,
    booktitle	= POT # { 25th } # IEEESP,
    month	= {May},
    year	= 2004,
    address	= {Oakland, CA},
}

@Proceedings{IEEESP06,
    title	= POT # { 27th } # IEEESP,
    booktitle	= POT # { 27th } # IEEESP,
    month	= {May},
    year	= 2006,
    address	= {Oakland, CA},
}

@Proceedings{IEEESP07,
    title	= POT # { 28th } # IEEESP,
    booktitle	= POT # { 28th } # IEEESP,
    month	= {May},
    year	= 2007,
    address	= {Oakland, CA},
}

@Proceedings{IEEESP09,
    title	= POT # { 30th } # IEEESP,
    booktitle	= POT # { 30th } # IEEESP,
    month	= {May},
    year	= 2009,
    address	= {Oakland, CA},
}


@Proceedings{OLS2002,
  title		= POT # OLS,
  booktitle	= POT # OLS,
  month		= {June},
  year		= 2002,
  address	= {Ottawa, Canada},
}

@Proceedings{OLS2004,
  title		= POT # OLS,
  booktitle	= POT # OLS,
  month		= {June},
  year		= 2004,
  address	= {Ottawa, Canada},
}

@Proceedings{OLS2007,
  title		= POT # OLS,
  booktitle	= POT # OLS,
  month		= {June},
  year		= 2007,
  address	= {Ottawa, Canada},
}

@Proceedings{OLS2012,
  title		= POT # OLS,
  booktitle	= POT # OLS,
  month		= {July},
  year		= 2012,
  address	= {Ottawa, Canada},
}


@Proceedings{VLDB00,
    title	= POT # { 26th } # VLDB,
    booktitle	= POT # { 26th } # VLDB,
    month	= {September},
    year	= 2000,
    address	= {Cairo, Egypt},
}

@Proceedings{VLDB02,
    title	= POT # { 28th } # VLDB,
    booktitle	= POT # { 28th } # VLDB,
    month	= {August},
    year	= 2002,
    address	= {Hong Kong, China},
}

@Proceedings{VLDB04,
    title	= POT # { 30th } # VLDB,
    booktitle	= POT # { 30th } # VLDB,
    month	= {August--September},
    year	= 2004,
    address	= {Toronto, Canada},
}

@Proceedings{VLDB05,
    title	= POT # { 31st } # VLDB,
    booktitle	= POT # { 31st } # VLDB,
    month	= {August--September},
    year	= 2005,
    address	= {Trondheim, Norway},
}

@Proceedings{VLDB06,
    title	= POT # { 32nd } # VLDB,
    booktitle	= POT # { 32nd } # VLDB,
    month	= {September},
    year	= 2006,
    address	= {Seoul, Korea},
}

@Proceedings{VLDB07,
    title	= POT # { 33rd } # VLDB,
    booktitle	= POT # { 33rd } # VLDB,
    month	= {September},
    year	= 2007,
    address	= {Vienna, Austria},
}

@Proceedings{VLDB10,
    title	= POT # { 36th } # VLDB,
    booktitle	= POT # { 36th } # VLDB,
    month	= {September},
    year	= 2010,
    address	= {Singapore},
}


@Proceedings{SIGMOD02,
    title	= POT # { 2002 } # SIGMOD,
    booktitle	= POT # { 2002 } # SIGMOD,
    month	= {June},
    year	= 2002,
    address	= {Madison, WI},
}

@Proceedings{SIGMOD04,
    title	= POT # { 2004 } # SIGMOD,
    booktitle	= POT # { 2004 } # SIGMOD,
    month	= {June},
    year	= 2004,
    address	= {Paris, France},
}

@Proceedings{SIGMOD08,
    title	= POT # { 2008 } # SIGMOD,
    booktitle	= POT # { 2008 } # SIGMOD,
    month	= {June},
    year	= 2008,
    address	= {Vancouver, Canada},
}

@Proceedings{SIGMOD09,
    title	= POT # { 2009 } # SIGMOD,
    booktitle	= POT # { 2009 } # SIGMOD,
    month	= {June--July},
    year	= 2009,
    address	= {Providence, RI},
}

@Proceedings{SIGMOD11,
    title	= POT # { 2011 } # SIGMOD,
    booktitle	= POT # { 2011 } # SIGMOD,
    month	= {June},
    year	= 2011,
    address	= {Athens, Greece},
}


@Proceedings{APSYS11,
    title	= POT # { 2nd Asia-Pacific Workshop on Systems},
    booktitle	= POT # { 2nd Asia-Pacific Workshop on Systems},
    month	= {July},
    year	= 2011,
    address	= {Shanghai, China},
}

@Proceedings{APSYS12,
    title	= POT # { 3rd Asia-Pacific Workshop on Systems},
    booktitle	= POT # { 3rd Asia-Pacific Workshop on Systems},
    month	= {July},
    year	= 2012,
    address	= {Seoul, South Korea},
}


@Proceedings{EUROCRYPT99,
    title       = POT # { 18th } # EUROCRYPT,
    booktitle   = POT # { 18th } # EUROCRYPT,
    month       = {May},
    year        = 1999,
    address     = {Prague, Czech Republic},
}

@Proceedings{EUROCRYPT09,
    title       = POT # { 28th } # EUROCRYPT,
    booktitle   = POT # { 28th } # EUROCRYPT,
    month       = {April},
    year        = 2009,
    address     = {Cologne, Germany},
}

 
@Proceedings{NDSS07,
    title       = POT # { 14th } # NDSS,
    booktitle   = POT # { 14th } # NDSS,
    month       = {February--March},
    year        = 2007,
    address     = {San Diego, CA},
}

@Proceedings{NDSS09,
    title       = POT # { 16th } # NDSS,
    booktitle   = POT # { 16th } # NDSS,
    month       = {February},
    year        = 2007,
    address     = {San Diego, CA},
}


@Proceedings{TACAS09,
    title       = POT # { 15th } # TACAS,
    booktitle   = POT # { 15th } # TACAS,
    month       = {March},
    year        = 2009,
    address     = {York, UK},
}


@Proceedings{CC01,
    title       = POT # { 10th } # CC,
    booktitle   = POT # { 10th } # CC,
    month       = {April},
    year        = 2001,
    address     = {Genova, Italy},
}


@Proceedings{CGO04,
    title       = POT # { 2004 } # CGO,
    booktitle   = POT # { 2004 } # CGO,
    month       = {March},
    year        = 2004,
    address     = {Palo Alto, CA},
}


@Proceedings{ESORICS04,
    title       = POT # { 9th } # ESORICS,
    booktitle   = POT # { 9th } # ESORICS,
    month       = {September},
    year        = 2004,
    address     = {Sophia Antipolis, France},
}

@Proceedings{ESORICS10,
    title       = POT # { 15th } # ESORICS,
    booktitle   = POT # { 15th } # ESORICS,
    month       = {September},
    year        = 2010,
    address     = {Athens, Greece},
}


@Proceedings{POPL90,
    title       = POT # { 17th } # POPL,
    booktitle   = POT # { 17th } # POPL,
    month       = {January},
    year        = 1990,
    address     = {San Francisco, CA},
}

@Proceedings{POPL08,
    title       = POT # { 35th } # POPL,
    booktitle   = POT # { 35th } # POPL,
    month       = {January},
    year        = 2008,
    address     = {San Francisco, CA},
}

@Proceedings{POPL11,
    title       = POT # { 38th } # POPL,
    booktitle   = POT # { 38th } # POPL,
    month       = {January},
    year        = 2011,
    address     = {Austin, TX},
}


@Proceedings{PODC94,
    title       = POT # { 13th } # PODC,
    booktitle   = POT # { 13th } # PODC,
    month       = {August},
    year        = 1994,
    address     = {Los Angeles, CA},
}

@Proceedings{PODC07,
    title       = POT # { 26th } # PODC,
    booktitle   = POT # { 26th } # PODC,
    month       = {August},
    year        = 2007,
    address     = {Portland, OR},
}


@Proceedings{PPOPP08,
    title       = POT # { 13th } # PPOPP,
    booktitle   = POT # { 13th } # PPOPP,
    month       = {February},
    year        = 2008,
    address     = {Salt Lake City, UT},
}

@Proceedings{PPOPP12,
    title       = POT # { 17th } # PPOPP,
    booktitle   = POT # { 17th } # PPOPP,
    month       = {February},
    year        = 2012,
    address     = {New Orleans, LA},
}

