@Manual{FIPS:180-1,
  author =	 {{FIPS 180-1}},
  title = 	 {Secure Hash Standard},
  organization = {U.S. Department of Commerce/N.I.S.T.,
                     National Technical Information Service},
  address =	 {Springfield, VA},
  year =	 1995,
  month =	 {April}
}

@Manual{Keysafe,
  title = 	 {The {KeyKOS/KeySAFE} System Design},
  organization = {Key Logic},
  edition =	 {SEC009-01},
  month =	 {March},
  year =	 1989,
  note =	 {\URL{http://www.agorics.com/Library/KeyKos/keysafe/Keysafe.html}}
}

@Manual{FIPS:186,
  author =	 {{FIPS 186}},
  title = 	 {Digital Signature Standard},
  organization = {U.S. Department of Commerce/N.I.S.T.,
                     National Technical Information Service},
  address =	 {Springfield, VA},
  year =	 1994
}

@Manual{FIPS:46,
  author =	 {{FIPS 46}},
  title = 	 {Data Encryption Standard},
  organization = {U.S. Department of Commerce/N.I.S.T,
                     National Technical Information Service},
  address =	 {Springfield, VA},
  year =	 1977,
  month =	 {January}
}

@Manual{Gnosis,
  title = 	 {The Gnosis Design Document},
  organization = {Key Logic},
  note =	 {from \URL{http://www.cis.upenn.edu/~KeyKOS/agorics/KeyKos/Gnosis/}}
}

@Manual{LightPink,
  author =       {Virgil D. Gligor},
  title = 	 {A Guide to Understanding Covert Channel Analysis
                  of Trusted Systems (Light Pink Book)},
  organization = {National Computer Security Center},
  edition =	 {{NCSC-TG-030}},
  month =	 {November},
  year =	 1993
}

@Manual{Orange,
  title = 	 {Trusted Computer System Evaluation Criteria (Orange Book)},
  organization = {Department of Defense},
  edition =	 {DoD 5200.28-STD},
  month =	 {December},
  year =	 1985
}

@TechReport{RFC:1094,
  author = 	 {{Sun Microsystems, Inc.}},
  title = 	 {{NFS}: Network File System Protocol Specification},
  institution =  {Network Working Group},
  year = 	 1989,
  type =	 {RFC},
  number =	 1094,
  month =	 {March}
}

@TechReport{RFC:1321,
  author = 	 {{Ronald L. Rivest}},
  title = 	 {The {MD5} Message-Digest Algorithm},
  institution =  {Network Working Group},
  year = 	 1992,
  type =	 {RFC},
  number =	 1321,
  month =	 {April}
}

@TechReport{RFC:1813,
  author = 	 {B. Callaghan and B. Pawlowski and P. Staubach},
  title = 	 {{NFS} Version 3 Protocol Specification},
  institution =  {Network Working Group},
  year = 	 1995,
  type =	 {RFC},
  number =	 1813,
  month =	 {June}
}

@TechReport{RFC:1831,
  author = 	 {R. Srinivasan},
  title = 	 {{RPC}: Remote Procedure Call Protocol Specification Version 2},
  institution =  {Network Working Group},
  year = 	 1995,
  type =	 {RFC},
  number =	 1831,
  month =	 {August}
}

@TechReport{RFC:1832,
  author = 	 {R. Srinivasan},
  title = 	 {{XDR}: External Data Representation Standard},
  institution =  {Network Working Group},
  year = 	 1995,
  type =	 {RFC},
  number =	 1832,
  month =	 {August}
}

@TechReport{RFC:2054,
  author = 	 {B. Callaghan},
  title = 	 {{WebNFS} Client Specification},
  institution =  {Sun Microsystems, Inc.},
  year = 	 1996,
  type =	 {RFC},
  number =	 2054,
  month =	 {October}
}

@TechReport{RFC:2055,
  author = 	 {B. Callaghan},
  title = 	 {{WebNFS} Server Specification},
  institution =  {Sun Microsystems, Inc.},
  year = 	 1996,
  type =	 {RFC},
  number =	 2055,
  month =	 {October}
}

@TechReport{RFC:2065,
  author = 	 {D. Eastlake and C. Kaufman},
  title = 	 {Domain Name System Security Extensions},
  institution =  {Network Working Group},
  type = 	 {{RFC} 2065},
  year = 	 1997,
  month = 	 {January},
}

@TechReport{RFC:2401,
  author = 	 {S. Kent and R. Atkinson},
  title = 	 {Security Architecture for the Internet Protocol},
  institution =  {Network Working Group},
  year = 	 1998,
  type =	 {RFC},
  number =	 2401,
  month =	 {November}
}

@TechReport{RFC:3010,
  author = 	 {S. Shepler and B. Callaghan and D. Robinson and R. Thurlow
		  and C. Beame and M. Eisler and D. Noveck},
  title = 	 {{NFS} Version 4 Protocol},
  institution =  {Network Working Group},
  year = 	 2000,
  type =	 {RFC},
  number =	 3010,
  month =	 {December}
}

@Article{abadi:accalc,
  author = 	 {Mart{\'\i}n Abadi and Michael Burrows and Butler Lampson
                  and Gordon Plotkin},
  title = 	 {A Calculus for Access Control in Distributed Systems},
  journal = 	 {ACM Transactions on Programming Languages and Systems},
  year = 	 1993,
  volume =	 15,
  number =	 4,
  month =	 {September},
  pages =	 {706--734}
}

@TechReport{abadi:prudent,
  author = 	 {{Mart\'in} Abadi and Roger Needham},
  title = 	 {Prudent Engineering Practice for Cryptographic Protocols},
  institution =  {DEC Systems Research Center},
  year = 	 1994,
  number =	 125,
  month =	 {June},
  note =	 {A version appeared in Proceedings of the 1994 IEEE Computer
                  Society Symposium on Research in Security and Privacy}
}

@TechReport{abadi:pwd,
  author = 	 {Mart{\'\i}n Abadi and T. Mark A. Lomas and Roger Needham},
  title = 	 {Strengthening Passwords},
  institution =  {DEC Systems Research Center},
  year = 	 1997,
  type =	 {Technical note},
  number =	 {1997-033},
  month =	 {September}
}

@InProceedings{abadi:semantics,
  author = 	 {Mart{\'\i}n Abadi and Mark Tuttle},
  title = 	 {A Semantics for a Logic of Authentication},
  booktitle = 	 POT # {10th Annual ACM Symposium on Principles of
                  Distributed Computing},
  year = 	 {1991},
  month = 	 {August},
}

@Article{abadi:sshaka,
  author = 	 {Mart{\'\i}n Abadi},
  title = 	 {Explicit Communication Revisited: Two New Examples},
  journal = 	 {IEEE Transactions on Software Engineering},
  year = 	 1997,
  volume =	 {SE-23},
  number =	 3,
  month =	 {March},
  pages =	 {185--186}
}

@InProceedings{abe:verifiable,
  author = 	 {Masayuki Abe},
  title = 	 {Universally Verifiable Mix-net with Verification
                  Work Independent of the Number of Mix-servers},
  booktitle = 	 {EUROCRYPT 98},
  pages =	 {},
  year =	 1998,
  address =	 {},
  month =	 {May},
}

@InProceedings{adya:farsite,
  author = 	 {Atul Adya and William J. Bolosky and Miguel Castro
                  and Gerald Cermak and Ronnie Chaiken and John R. Douceur
                  and Jon Howell and Jacob R. Lorch and Marvin Theimer
                  and Roger P. Wattenhofer},
  title = 	 {{FARSITE}: Federated, Available, and Reliable Storage
                  for an Incompletely Trusted Environment},
  crossref =     {OSDI02},
  pages =	 {1--14},
}

@InProceedings{alexandrov:ufo,
  author =       {Albert D. Alexandrov and Maximilian Ibel and Klaus E. Schauser and Chris J. Scheiman},
  title =        {Extending the Operating System at the User Level: the {Ufo} Global File System},
  crossref =     {USENIX97},
  pages =	 {77--90}
}

@InProceedings{ames:security-kernels,
  author = 	 {Stanley R. Ames, Jr.},
  title = 	 {Security Kernels: A Solution or a Problem?},
  pages =	 {141--150},
  crossref =	 {IEEESP81},
}

@InProceedings{annapureddy:shark,
  author = 	 {Siddhartha Annapureddy and Michael J. Freedman
                  and David Mazi{\`e}res},
  title = 	 {Shark: Scaling File Servers via Cooperative Caching},
  crossref =	 {NSDI05},
  pages =	 {129--142}
}

@InProceedings{andersen:ron,
  author = 	 {David G. Andersen and Hari Balakrishnan
                  and M. Frans Kaashoek and Robert Morris},
  title = 	 {Resilient Overlay Networks},
  crossref =	 {SOSP18},
  pages =        {131--145}
}

@InProceedings{anderson:robust,
  author = 	 {Ross Anderson and Roger Needham},
  title = 	 {Robustness Principles for Public Key Protocols},
  booktitle = 	 {Advances in Cryptology---CRYPTO '95},
  year =	 1995
}

@InProceedings{anderson:sfs,
  author = 	 {Ross Anderson and Roger Needham and Adi Shamir},
  title = 	 {The Steganographic File System},
  booktitle = 	 POT # {2nd International Workshop on Information Hiding},
  pages =	 {73--82},
  year =	 1998,
  editor =	 {David Aucsmith},
  number =	 1525,
  series =	 {Lecture Notes in Computer Science},
  month =	 {April},
  publisher =	 {Springer-Verlag}
}

@Article{anderson:xfs,
  author = 	 {Thomas E. Anderson and Michael D. Dahlin
                  and Jeanna M. Neefe and David A. Patterson
                  and Drew S. Roseli and Randolph Y. Wang},
  title = 	 {Serverless Network File Systems},
  journal = 	 TOCS,
  year = 	 1996,
  volume = 	 14,
  number = 	 1,
  month = 	 {February},
  pages = 	 {41--79},
  note =	 {Also appears in } # POT # {of the 15th Symposium on Operating System Principles},
}

@InProceedings{badger:dte,
  author = 	 {Lee Badger and Daniel F. Sterne and David L. Sherman and
                  Kenneth M. Walker and Sheila A. Haghighat},
  title = 	 {A Domain and Type Enforcement {UNIX} Prototype},
  booktitle =	 POT # {5th {USENIX} {UNIX} Security Symposium},
  year =	 1995,
  address =	 {Salt Lake City, UT},
  month =	 {June}
}

@INPROCEEDINGS{baker:measurements,
  AUTHOR =      "Mary G. Baker and John H. Hartman and Michael D. Kupfer and Ken W. Shirriff and John K. Ousterhout",
  TITLE =       "Measurements of a Distributed File System",
  PAGES = "198--212",
  crossref =	 {SOSP13}
}

@InProceedings{belani:crisis,
  author =       {Eshwar Belani and Amin Vahdat and Thomas Anderson
                  and Michael Dahlin},
  title =        {The {CRISIS} Wide Area Security Architecture},
  crossref =	 {USEC98},
}

@Unpublished{belani:webfs,
  author =       {Eshwar Belani and Alex Thornton and Min Zhou},
  title =        {Authentication and Security in {WebFS}},
  institution =  {Department of Computer Science, University of California at Berkeley},
  note =         {from \URL{http://now.cs.berkeley.edu/WebOS/security.ps}},
  month =        {January},
  year =         1997,
}

@TechReport{bell:bell-lapadula,
  author = 	 {David E. Bell and Leonard La Padula},
  title = 	 {Secure Computer System: Unified Exposition and
                  {Multics} Interpretation},
  institution =  {MITRE Corp.},
  year = 	 1976,
  number =	 {MTR-2997, Rev.~1},
  address =	 {Bedford, MA},
  month =	 {March}
}

@InProceedings{bellare:3pkd,
  author = 	 {Mihir Bellare and Phillip Rogaway},
  title = 	 {Provably Secure Session Key Distribution---The
		  Three Party Case},
  booktitle = 	 POT # {27th} # STOC,
  pages =	 {57--66},
  year =	 1995
}

@InProceedings{bellare:dict,
  author = 	 {Mihir Bellare and David Pointcheval and Phillip Rogaway},
  title = 	 {Authenticated Key Exchange Secure Against
		  Dictionary Attacks},
  booktitle = 	 {Advances in Cryptology---Eurocrypt 2000},
  editor =	 {B. Preneel},
  volume =	 1807,
  series =	 {Lecture Notes in Computer Science},
  year =	 2000,
  pages =        {139-155},
  publisher =	 {Springer-Verlag}
}

@InProceedings{bellare:eakd,
  author = 	 {Mihir Bellare and Phillip Rogaway},
  title = 	 {Entity Authentication and Key Distribution},
  booktitle = 	 {Advances in Cryptology---CRYPTO '93},
  pages =	 {232--249},
  year =	 1993
}

@InProceedings{bellare:exactsigs,
  author = 	 {Mihir Bellare and Phillip Rogaway},
  title = 	 {The Exact Security of Digital Signatures---How to Sign
                  with {RSA} and {R}abin},
  booktitle = 	 {Advances in Cryptology---Eurocrypt 1996},
  editor =	 {U. Maurer},
  volume =	 1070,
  series =	 {Lecture Notes in Computer Science},
  year =	 1996,
  pages =        {399-416},
  publisher =	 {Springer-Verlag}
}

@InProceedings{bellare:modular,
  author = 	 {Mihir Bellare and Ran Canetti and Hugo Krawczyk},
  title = 	 {A Modular Approach to the Design and Analysis
		  of Authentication and Key Exchange Protocols},
  booktitle = 	 POT # {30th} # STOC,
  pages =	 {419--428},
  year =	 1998
}

@InProceedings{bellare:oaep,
  author = 	 {Mihir Bellare and Phillip Rogaway},
  title = 	 {Optimal asymmetric encryption---How to encrypt with {RSA}},
  booktitle = 	 {Advances in Cryptology---Eurocrypt 1994},
  editor =	 {A. De Santis},
  volume =	 950,
  series =	 {Lecture Notes in Computer Science},
  year =	 1995,
  pages =        {92-111},
  publisher =	 {Springer-Verlag}
}

@Unpublished{bellare:one-more,
  author = 	 {M. Bellare and C. Namprempre and D. Pointcheval
			and M. Semanko},
  title = 	 {The One-More-{RSA}-Inversion Problems and the Security of
                  Chaum's Blind Signature Scheme},
  note = 	 {Available as \em IACR eprint archive Report 2001/002\em,
			\URL{http://eprint.iacr.org/2001/002/}},
  month =	 {January},
  year =	 2001
}

@InProceedings{bellare:oracles,
  author = 	 {Mihir Bellare and Phillip Rogaway},
  title = 	 {Random oracles are practical: A paradigm for
			designing efficient protocols},
  booktitle = 	 POT # {First ACM Conference on Computer
                  and Communications Security},
  year =	 1993,
  pages =        {62-73},
  address = 	 {Fairfax, VA}
}

@InProceedings{bellare:relations,
  author = 	 {Mihir Bellare and A. Desai and D. Pointcheval
		  and Phillip Rogaway},
  title = 	 {Relations Among Notions of Security
		  for Public-Key Encryption Schemes},
  booktitle = 	 {Advances in Cryptology---CRYPTO '98},
  year =	 1998,
  editor =	 {H. Krawczyk},
  volume =	 1462,
  publisher =	 {Springer-Verlag}
}

@InProceedings{bellare:xormacs,
  author = 	 {Mihir Bellare and Roch Gu{\'e}rin and Phillip Rogaway},
  title = 	 {{XOR MAC}s: New Methods for Message Authentication Using
                  Finite Pseudorandom Functions},
  booktitle = 	 {Advances in Cryptology---CRYPTO '95},
  year =	 1995
}

@InProceedings{bellovin:aeke,
  author = 	 {Steven M. Bellovin and Michael Merritt},
  title = 	 {Augmented Encrypted Key Exchange},
  booktitle = 	 POT # {First ACM Conference on Computer
		        and Communications Security},
  year =	 1993,
  address =	 {Oakland, CA},
  month =	 {November},
  pages =        {224--250}
}

@InProceedings{bellovin:eke,
  author = 	 {Steven M. Bellovin and Michael Merritt},
  title = 	 {Encrypted Key Exchange:  Password-Based Protocols
                  Secure Against Dictionary Attacks},
  crossref =	 {IEEESP92},
}

@InProceedings{bellovin:kerblimit,
  author = 	 {Steven M. Bellovin and Michael Merritt},
  title = 	 {Limitations of the Kerberos Authentication System},
  crossref =	 {USENIX91W}
}

@InProceedings{berliner:cvs,
  author = 	 {Brian Berliner},
  title = 	 {{CVS II}: Parellizing Software Development},
  crossref =	 {USENIX90W},
}

@InProceedings{bershad:spin,
  author =       {B. N. Bershad and S. Savage and P. Pardyak
                  and E. G. Sirer and M. Fiuczynski and D. Becker
                  and S. Eggers and C. Chambers},
  title =        {Extensibility, Safety and Performance in the {SPIN}
                  operating system},
  crossref =     {SOSP15},
  pages =        {267--284}
}

@InProceedings{berstis:system38,
  author = 	 {Viktors Berstis},
  title = 	 {Security and Protection of Data in the {IBM} system/38},
  booktitle =	 POT # {7th Symposium on Computer Architecture},
  pages =	 {245--252},
  year =	 1980,
  month =	 {May}
}

@InProceedings{bhagwan:understanding,
  author = 	 {Ranjita Bhagwan and Stefan Savage and Geoffrey M. Voelker},
  title = 	 {Understanding Availability},
  booktitle =	 POT # {2nd International Workshop
			on Peer-to-Peer Systems ({IPTPS} '03)},
  year =	 2003,
  address =	 {Berkeley, CA},
  month =	 {February}
}

@InProceedings{biham:bitslice,
  author = 	 {Eli Biham},
  title = 	 {A Fast New {DES} Implementation in Software},
  pages =	 {260--271},
  booktitle =	 {Fast Software Encryption, 4th International Workshop Proceedings},
  year = 	 1997,
  publisher =	 {Springer-Verlag},
}

@InProceedings{bindel:oceanstore,
  author = 	 {David Bindel and Yan Chen and Patrick Eaton
		  and Dennis Geels and Ramakrishna Gummadi and Sean Rhea
		  and Hakim Weatherspoon and Westley Weimer
		  and Westley Weimer and Christopher Wells and Ben Zhao
		  and John Kubiatowicz},
  title = 	 {OceanStore: An Exteremely Wide-Area Storage System},
  booktitle = 	 POT # {9th International Conference on Architectural Support
		  for Programming Languages and Operating Systems},
  pages =        {190--201},
  year =	 2000,
}

@TechReport{birrell:echo,
  author = 	 {Andrew D. Birrell and Andy Hisgen and Chuck Jerian
                  and Timothy Mann and Garret Swart},
  title = 	 {The {Echo} Distributed File System},
  institution =  {Digital Systems Research Center},
  year = 	 1993,
  number =	 111,
  month =	 {September},
  address  =     {Palo Alto, CA}

}

@InProceedings{birrell:global-auth,
  author = 	 {Andrew D. Birrell and Butler W. Lampson
                  and Roger M. Needham and Michael D. Schroeder},
  title = 	 {A Global Authentication Service without Global Trust},
  crossref =	 {IEEESP86},
  pages =	 {223--230}
}

@Article{birrell:grapevine,
  author = 	 {Andrew D. Birrell and Roy Levin and Roger M. Needham
                  and Michael D. Schroeder},
  title = 	 {Grapevine: An exercise in Distributed Computing},
  journal = 	 CACM,
  year = 	 1982,
  volume =	 25,
  number =	 4,
  month =	 {April},
  pages =	 {260--274}
}

@Article{birrell:secure-rpc,
  author = 	 {Andrew D. Birrell},
  title = 	 {Secure Communication Using Remote Procedure Calls},
  journal = 	 TOCS,
  year = 	 1985,
  volume =	 3,
  number =	 1,
  month =	 Feb,
  pages =	 {1--14}
}

@Article{birrell:universal,
  author = 	 {A. D. Birrell and R. M. Needham},
  title = 	 {A Universal File Server},
  journal = 	 {IEEE Transactions on Software Engineering},
  year = 	 1980,
  volume =	 {SE-6},
  number =	 5,
  month =	 {September},
  pages =	 {450--453}
}

@Article{bishop:tocttou,
  author = 	 {Matt Bishop and Michael Dilger},
  title = 	 {Checking for Race Conditions in File Accesses},
  journal = 	 {Computing Systems},
  year = 	 1996,
  volume = 	 9,
  number = 	 2,
  month = 	 {Spring},
  pages = 	 {131--152},
}

@InProceedings{blaze:cfs,
  author = 	 {Matt Blaze},
  title = 	 {A Cryptographic File System for Unix},
  booktitle = 	 {1st {ACM} Conference on Communications and Computing Security},
  pages =	 {9--16},
  year =	 1993,
  month =	 {November}
}

@InProceedings{blaze:hierarchical-caching,
  author = 	 {Matthew Blaze and Rafael Alonso},
  title = 	 {Dynamic Hierarchical Caching in Large-Scale Distributed
                  File Systems},
  booktitle = 	 POT # "12th International Distributed Computing
                  Systems Conference",
  year =	 1992,
  month =	 {June},
  pages =        {521--528}
}

@InProceedings{blaze:massive,
  author = 	 {Matt Blaze},
  title = 	 {Toward Massive Distributed File Systems},
  booktitle = 	 POT # {3rd Workshop on Workstation Operating Systems},
  year =	 1992,
  month =	 {April},
  pages =	 {48--51}
}

@InProceedings{boebert:inability,
  author = 	 {William Earl Boebert},
  title = 	 {On the Inability of An Unmodified Capability Machine
                  to Enforce the *-Property},
  booktitle =	 POT # {7th DoD/NBS Computer Security Conference},
  pages =	 {291--293},
  year =	 1984,
  month =	 {September}
}

@InProceedings{bolosky:farsite,
  author = 	 {William J. Bolosky and John R. Douceur and David Ely
			and Marvin Theimer},
  title = 	 {Feasibility of a Serverless Distributed File System
			Deployed on an Existing Set of Desktop PCs},
  booktitle = 	 {SIGMETRICS},
  pages =	 {34--43},
  year =	 2000
}

@InProceedings{bomberger:keykos,
  author = 	 {Alan C. Bomberger and A. Peri Frantz
                  and William S. Frantz and Ann C. Hardy
                  and Norman Hardy and Charles R. Landau
                  and Jonathan S. Shapiro },
  title = 	 {The {KeyKOS} Nanokernel Architecture},
  booktitle =	 POT # {USENIX Workshop on Micro-Kernels and
                        Other Kernel Architectures},
  pages =	 {95--112},
  year =	 1992,
  month =	 {April}
}

@InProceedings{boyko:pak,
  author = 	 {Victor Boyko and Philip MacKenzie and Sarvar Patel},
  title = 	 {Provably Secure Password-Authenticated Key Exchange
		  Using Diffie-Hellman},
  booktitle = 	 {Advances in Cryptology---Eurocrypt 2000},
  editor =	 {B. Preneel},
  volume =	 1807,
  series =	 {Lecture Notes in Computer Science},
  year =	 2000,
  pages =        {156--171},
  publisher =	 {Springer-Verlag}
}

@InProceedings{brin:copy,
  author = 	 {Sergey Brin and James Davis and Hector Garcia-Molina},
  title = 	 {Copy Detection Mechanisms for Digital Documents},
  booktitle = 	 POT # {1995 ACM SIGMOD International Conference
                  on Management of Data},
  pages =	 {398--409},
  year =	 1995,
  month =	 {May}
}

@Article{broder:resemblance,
  author = 	 {Andrei Broder},
  title = 	 {On the Resemblance and Containment of Documents},
  journal = 	 {Compression and Complexity of Sequences},
  year = 	 1997,
  pages =	 {21--29}
}

@Article{brown:alpine,
  author = 	 {Mark R. Brown and Karen N. Kolling and Edward A. Taft},
  title = 	 {The {Alpine} File System},
  journal = 	 TOCS,
  year = 	 1985,
  volume =	 3,
  number =	 4,
  month =	 Nov,
  pages =	 {261--293}
}

@InProceedings{browne:mode-security,
  author = 	 {Randy Browne},
  title = 	 {Mode Security: An Infrastructure for Covert
                  Channel Suppression},
  crossref =	 {IEEESP94},
  pages =	 {39--55}
}

@Article{burrows:authlogic,
  author = 	 {Michael Burrows and Mart{\'\i}n Abadi and Roger Needham},
  title = 	 {A Logic of Authentication},
  journal = 	 TOCS,
  year = 	 1989,
  volume =	 8,
  number =	 1,
  month =	 {Feb},
  pages =	 {18--36}
}

@InProceedings{burrows:chubby,
  author = {Burrows, Mike},
  title = {Chubby Distributed Lock Service},
  crossref = {OSDI06},
}

@InProceedings{cabrera:quicksilver,
  author = 	 {Luis Felipe Cabrera and Jim Wyllie},
  title = 	 {QuickSilver Distributed File Services:
                  An Architecture for Horizontal Growth},
  booktitle = 	 POT # "2nd IEEE Conference on Workstations",
  year =	 1988,
}

@InProceedings{cadar:exe,
  author = 	 {Cristian Cadar and Vijay Ganesh and Peter M. Pawlowski
                  and David L. Dill and Dawson R. Engler},
  title = 	 {{EXE}: Automatically Generating Inputs of Death},
  booktitle =	 POT # {13th ACM Conference on Computer and
                        Communications Security},
  year =	 2006
}

@InProceedings{callaghan:automounter,
  author =       {Brent Callaghan and Tom Lyon},
  title =        {The Automounter},
  institution =  {Sun Microsystems, Inc.},
  pages =	 {43-51},
  crossref =     {USENIX89W}
}

@InProceedings{canetti:rom,
  author = 	 {R. Canetti and O. Goldreich and S. Halevi},
  title = 	 {The Random Oracle Methodology, Revisited},
  booktitle = 	 POT # {STOC 1998},
  pages =	 {209--218},
  year =	 1998
}

@InProceedings{canetti:towards-oracles,
  author = 	 {Ran Canetti},
  title = 	 {Towards Realizing Random Oracles:
		  Hash Functions That Hide All Partial Information},
  booktitle = 	 {Advances in Cryptology---CRYPTO '97},
  year =	 1997
}

@Article{carter:universal-hash,
  author =	 {J. Lawrence Carter and Mark N. Wegman},
  title =	 {Universal Classes of Hash Functions},
  pages =	 {143--154},
  journal =	 {Journal of Computer and System Sciences},
  year =	 1979,
  month =	 {April},
  volume =	 18,
  number =	 2,
  note = 	 {A version appeared in Proceedings of the 9th} # STOC,
}

@InProceedings{casado:sane,
  author = 	 {Martin Casado and Tal Garfinkel and Aditya Akella
                  and Michael J. Freedman and Dan Boneh
                  and Nick McKeown and and Scott Shenker},
  title = 	 {{SANE}: A Protection Architecture for Enterprise Networks},
  crossref =	 {USEC06},
}

@InProceedings{castro:bfs,
  author = "Miguel Castro and Barbara Liskov",
  title = "Practical byzantine fault tolerance",
  pages = {173--186},
  crossref = {OSDI99},
}

@Article{castro:pbft-tocs,
    author = {Miguel Castro and Barbara Liskov},
    title = {Practical Byzantine Fault Tolerance and Proactive Recovery},
    journal = TOCS,
    volume = 20,
    number = 4,
    month = {November},
    year = 2002,
}

@InProceedings{castro:recovery,
  author = 	 {Miguel Castro and Barbara Liskov},
  title = 	 {Proactive Recovery in a Byzantine-Fault-Tolerant System},
  crossref =     {OSDI00},
}

@InProceedings{cate:alex,
  author = 	 {Vincent Cate},
  title = 	 {Alex---a Global Filesystem},
  booktitle = 	 POT # {USENIX File System Workshop},
  year =	 1992,
  month =	 {May}
}

@Article{chaum:dc-net,
  author = 	 {David Chaum},
  title = 	 {The Dining Cryptographers Problem:
                  \em Unconditional Sender and Recipient Untraceability\em},
  journal = 	 {Journal of Cryptology},
  year = 	 1988,
  volume =	 1,
  number =	 1,
  pages =	 {65--75}
}

@InProceedings{chaum:blind,
  author = 	 {David Chaum},
  title = 	 {Blind Signature System},
  booktitle = 	 {Advances in Cryptology---CRYPTO '83},
  year =	 1983
}

@Article{chaum:mix-net,
  author = 	 {David L. Chaum},
  title = 	 {Untraceable Electronic Mail, Return addresses,
                  and Digital Pseudonyms},
  journal = 	 CACM,
  year = 	 1981,
  volume =	 24,
  number =	 2,
  month =	 {Feb}
}

@InProceedings{chen:click,
  title = {Flexible Control of Parallelism in a Multiprocessor PC Router},
  author = {Benjie Chen and Robert Morris},
  booktitle = {Proceedings of the 2001 USENIX Annual Technical Conference
               (USENIX '01)},
  year = {2001},
  month = {June},
  address = {Boston, Massachusetts},
  pages = {333--346},
}

@Article{chen:p5,
  author = 	 {J. Bradley Chen and Yasuhiro Endo and Kee Chan
                  and David {Mazi\`eres} and Antonio Dias and Margo Seltzer
                  and Mike Smith},
  title = 	 {The Measured Performance of Personal Computer
                  Operating Systems},
  journal = 	 TOCS,
  year = 	 1996,
  volume =	 14,
  number =	 1,
  month =	 {February},
  pages =	 {3--40},
  note = 	 {A version appeared in \em Proceedings of the 15th ACM
                  Symposium on Operating System Principles\em, 1995},
}

@InProceedings{chen:setuid,
  author = 	 {Hao Chen and David Wagner and Drew Dean},
  title = 	 {Setuid Demystified},
  crossref =	 {USEC02},
}

@Article{cheriton:V,
  author = 	 {David R. Cheriton},
  title = 	 {The {V} Distributed System},
  journal = 	 {Communications of the ACM},
  year = 	 1988,
  volume =	 31,
  number =	 3,
  month =	 {March},
  pages =	 {314--333},
  annote =	 {V is a distributed system built on top of the VMTP
		  message protocol.  VMTP provides extremely fast
		  RPC-like services, enabling reasonable performance
		  for distributed filesystem, device, and process
		  management.  Interesting use of multi-cast for
		  locating servers.  Many nifty and still highly
		  relevant ideas.}
}

@InProceedings{clark:commercial-military,
  author = 	 {David D. Clark and David R. Wilson},
  title = 	 {A Comparison of Commercial and Military
                  Computer Security Policies},
  crossref =	 {IEEESP87},
  pages =	 {184--194}
}

@InProceedings{cox:fast-reconciliations,
  author = 	 {Landon P. Cox and Brian D. Noble},
  title = 	 {Fast Reconciliations in Fluid Replication},
  booktitle = 	 POT # {21st International Conference on
                        Distributed Computing Systems},
  year =	 2001,
  month =	 {April}
}

@InProceedings{cox:pastiche,
  author = 	 {Landon P. Cox and Christopher D. Murray and Brian D. Noble},
  title = 	 {Pastiche:  Making Backup Cheap and Easy},
  crossref =     {OSDI02},
  pages =	 {285--298},
}

@InProceedings{dabek:cfs,
  author = 	 {Frank Dabek and M. Frans Kaashoek and David Karger
			and Robert Morris and Ion Stoica},
  title = 	 {Wide-area Cooperative Storage with CFS},
  crossref =	 {SOSP18},
  pages =	 {202--215}
}

@InProceedings{dabek:event,
  author = 	 {Frank Dabek and Nickolai Zeldovich and M. Frans Kaashoek
		  and David Mazi{\`e}res and Robert Morris},
  title = 	 {Event-driven Programming for Robust Software},
  booktitle =	 POT # {10th {ACM} {SIGOPS} European Workshop},
  year =	 2002,
  month =	 {September},
  pages =	 {186--189},
  address =	 {Saint-Emilion, France},
}

@InProceedings{dahlin:quantitative-cache,
  author = 	 {MIchael D. Dahlin and Clifford J. Mather
                  and Randoph Y. Wang},
  title = 	 {A Quantitative Analysis of Cache Policies for Scalable Network File Systems},
  booktitle = 	 {SIGMETRICS},
  year =	 1994,
  month =	 {May},
  pages =	 {150--160}
}

@Article{denning:certification,
 author = {Dorothy E. Denning and Peter J. Denning},
 title = {Certification of programs for secure information flow},
 journal = {Communications of the {ACM}},
 volume = 20,
 number = 7,
 year = 1977,
 issn = {0001-0782},
 pages = {504--513},
}

@article{denning:lattice,
  title = {A Lattice Model of Secure Information Flow},
  author = {Dorothy E. Denning},
  journal = {Communications of the {ACM}},
  year = 1976,
  month = may,
  volume = 19,
  number = 5,
  pages = {236--243}
}

@Article{dennis:semantics,
  author = 	 {Jack B. Dennis and Earl C. Van Horn},
  title = 	 {Programming Semantics for Multiprogrammed Computations},
  journal = 	 {Communications of the {ACM}},
  year = 	 1966,
  volume =	 9,
  number =	 3,
  month =	 {March},
  pages =	 {143--155}
}

@Article{dion:cfs,
  author = 	 {Jeremy Dion},
  title = 	 {The {Cambridge} File Server},
  journal = 	 OSR,
  year = 	 1980,
  volume =	 14,
  number =	 4,
  month =	 {Oct},
  pages =	 {26--35}
}

@InProceedings{dolev:anon-multicast,
  author = 	 {Shlomi Dolev and Rafail Ostrovsky},
  title = 	 {Efficient Anonymous Multicast and Reception},
  booktitle = 	 {Advances in Cryptology---CRYPTO '97},
  year =	 1997
}

@InProceedings{douceur:reclaiming,
  author = 	 {John R. Douceru and Atul Adya and William J. Bolosky
                  and Dan Simon and Marvin Theimer},
  title = 	 {Reclaiming Space from Duplicate Files in a Serverless
                  Distributed File System},
  booktitle =	 {ICDCS},
  pages =	 {617--624},
  year =	 2002,
  month =	 {July}
}

@InProceedings{duchamp:toolkit,
  author = 	 {Dan Duchamp},
  title = 	 {A Toolkit Approach to Partially Disconnected Operation},
  crossref =	 {USENIX97},
  pages =	 {305--318}
}

@InProceedings{efstathopoulos:asbestos,
  author = 	 {Petros Efstathopoulos and Maxwell Krohn
                  and Steve VanDeBogart and Cliff Frey
                  and David Ziegler and Eddie Kohler
                  and David Mazi{\`e}res
                  and M. Frans Kaashoek and Robert Morris},
  title = 	 {Labels and Event Processes in the {A}sbestos Operating System},
  crossref =	 {SOSP20},
  pages =	 {17--30}
}

@Article{ellison:pki-risks,
  author = 	 {Carl Ellison and Bruce Schneier},
  title = 	 {Ten Risks of {PKI}: What You're Not Being Told About
			Public Key Infrastructure},
  journal = 	 {Computer Security Journal},
  year = 	 2000,
  volume =	 16,
  number =	 1,
  pages =	 {1--7}
}

@Unpublished{ellison:spki,
  author = 	 {Carl M. Ellison and Bill Frantz and Butler Lampson
                  and Ron Rivest and Brian M. Thomas and Tatu {Yl\"onen}},
  title = 	 {{SPKI} certificate documentation},
  note = 	 {Work in progress, from
                  \URL{http://www.pobox.com/~cme/html/spki.html}}
}

@InProceedings{engler:exokernel,
  author = 	 {Dawson R. Engler and M. Frans Kaashoek and James W. O'Toole},
  title = 	 {Exokernel: An Operating System Architecture for
                  Application-Level Resource Management},
  crossref =	{SOSP15}
}

@Article{epema:flock,
  author = 	 {D. H. J Epema and Miron Livny and R. van Dantzig
                  and X. Evers and Jim Pruyne},
  title = 	 {A Worldwide Flock of Condors: Load Sharing among
                  Workstation Clusters},
  journal = 	 {Journal on Future Generations of Computer Systems},
  year = 	 1996,
  volume =	 12,
  pages =	 {53--65}
}

@InProceedings{feiertag:multilevel,
  author = {R. J. Feiertag and K. N. Levitt and L. Robinson},
  title = {Proving multilevel security of a system design},
  crossref = {SOSP6},
  pages = {57--65},
}

@InProceedings{flinn:data-staging.pdf,
  author = 	 {Jason Flinn and Shafeeq Sinnamohideen and Niraj Tolia
                  and M. Satyanaryanan},
  title = 	 {Data Staging on Untrusted Surrogates},
  booktitle =	 {2nd {USENIX} conference on File and Storage Technologies
                  ({FAST} '03)},
  year =	 2003,
  address =	 {San Francisco, CA},
  month =	 {April},
}

@InProceedings{foster:death-taxes,
  author = 	 {Ian Foster and Adriana Iamnitchi},
  title = 	 {On Death, Taxes, and the Convergence of Peer-to-Peer
                  and Grid Computing},
  booktitle =	 POT # {2nd International Workshop
			on Peer-to-Peer Systems ({IPTPS} '03)},
  year =	 2003,
  address =	 {Berkeley, CA},
  month =	 {February},
  pages =	 {118--128}
}

@Article{foster:globus,
  author = 	 {Ian Foster and Carl Kesselman},
  title = 	 {Globus:  A Metacomputing Infrastructure Toolkit},
  journal = 	 {Journal of Supercomputer Applications},
  year = 	 1997,
  volume =	 11,
  number =	 2,
  pages =	 {115--128}
}

@InProceedings{fraser:lomac,
  author = 	 {Timothy Fraser},
  title = 	 {{LOMAC}: Low Water-Mark Integrity Protection for
                  {COTS} Environments},
  crossref =	 {IEEESP00},
  pages =	 {230--245},
}

@InProceedings{freedman:coral,
  author = 	 {Michael J. Freedman and Eric Freudenthal
                  and David Mazi{\`e}res},
  title = 	 {Democratizing Content Publication with {Coral}},
  crossref =	 {NSDI04},
  pages =	 {239--252}
}

@InProceedings{freedman:group-therapy,
  author = 	 {Michael J. Freedman and Ion Stoica
                  and David Mazi{\`e}res and Scott Shenker},
  title = 	 {Group Therapy for Systems:
                  Using Link Attestations to Manage Failures},
  booktitle =	 POT # {5th International Workshop on Peer-to-Peer Systems},
  year =	 2006,
  address =	 {Santa Barbara, CA},
  month =	 {February},
}

@InProceedings{freedman:oasis,
  author = 	 {Michael J. Freedman and Karthik Laskhminarayanan
                  and David Mazi{\`e}res},
  title = 	 {{OASIS}: Anycast for Any Service},
  crossref =	 {NSDI06},
  pages =	 {129--142}
}

@InProceedings{freedman:sloppy,
  author = 	 {Michael Freedman and David Mazi{\`e}res},
  title = 	 {Sloppy Hashing and Self-organizing Clusters},
  booktitle =	 POT # {2nd International Workshop
			on Peer-to-Peer Systems ({IPTPS} '03)},
  year =	 2003,
  address =	 {Berkeley, CA},
  month =	 {February},
  pages =	 {45--55}
}

@TechReport{freier:ssl3,
  author = 	 {Alan O. Freier and Philip Karlton and Paul C. Kocher},
  title = 	 {The {SSL} Protocol Version 3.0},
  institution =  {Network Working Group},
  year = 	 1996,
  type = 	 {Internet Draft (draft-freier-ssl-version3-02.txt)},
  note = 	 {Work in progress},
  month = 	 {November},
}

@ARTICLE{froomkin:legal,
  author =	 {Michael Froomkin},
  title =	 {Flood Control on the Information Ocean: Living with
                  Anonymity, Digital Cash, and Distributed Databases},
  year =	 {1996},
  journal =	 {U. Pittsburgh Journal of Law and Commerce},
  pages =	 {},
  number =	 15,
  volume =	 395,
  note =         {\URL{http://www.law.miami.edu/~froomkin/articles/ocean1.htm}}
}

@MastersThesis{fu:masters,
  author = 	 {Kevin Fu},
  title = 	 {Group Sharing and Random Access in Cryptographic
                  Storage File Systems},
  school = 	 {Massachusetts Institute of Technology},
  year = 	 1999,
  month =	 {May}
}

@InProceedings{fu:sfsro,
  author = 	 {Kevin Fu and M. Frans Kaashoek and David Mazi{\`e}res},
  title = 	 {Fast and Secure Distributed Read-only File System},
  crossref =     {OSDI00},
}

@Article{fu:sfsro-tocs,
  author = 	 {Kevin Fu and M. Frans Kaashoek and David Mazi{\`e}res},
  title = 	 {Fast and Secure Distributed Read-only File System},
  journal = 	 TOCS,
  year = 	 2002,
  volume =	 20,
  number =	 1,
  month =	 {February},
  pages =	 {1--24},
  note = 	 {A version appeared in \em Proceedings of the 4th
                  Symposium on Operating Systems Design and Implementation\em,
                  2000},
}

@Article{fu:sfsro-tocs-only,
  author = 	 {Kevin Fu and M. Frans Kaashoek and David Mazi{\`e}res},
  title = 	 {Fast and Secure Distributed Read-only File System},
  journal = 	 TOCS,
  year = 	 2002,
  volume =	 20,
  number =	 1,
  month =	 {February},
  pages =	 {1--24},
}

@Article{fu:using-sfs,
  author = 	 {Kevin Fu and Michael Kaminsky and David Mazi{\`e}res},
  title = 	 {Using {SFS} for a Secure Network File System},
  journal = 	 {;login: The Magazine of Usenix \& Sage},
  year = 	 2002,
  volume =	 27,
  number =	 6,
  pages =	 {6--16},
  month =	 {December}
}

@InProceedings{garfinkel:ostia,
    author = "Tal Garfinkel and Ben Pfaff and Mendel Rosenblum",
    title = {Ostia: A Delegating architecture for Secure System Call
             Interposition},
    booktitle = POT # {Network and Distributed Systems Security Symposium},
    month = "February",
    year = 2004
}

@InProceedings{garfinkel:traps,
    author = "Tal Garfinkel",
    title = {Traps and Pitfalls: Practical Problems in in System Call
             Interposition based Security Tools},
    booktitle = POT # {Network and Distributed Systems Security Symposium},
    month = "February",
    year = 2003,
}

@InProceedings{garriss:re,
  author = 	 {Scott Garriss and Michael Kaminsky and Michael J. Freedman
                  and Brad Karp and David Mazi{\`e}res and Haifeng Yu},
  title = 	 {{\textsc{Re}}: Reliable Email},
  crossref =	 {NSDI06},
  pages =	 {297-310}
}

@InProceedings{gennaro:streamsignature,
  author =  {R. Gennaro and P. Rohatgi},
  title = {How to sign digital streams},
  booktitle = 	 {Advances in Cryptology---CRYPTO '97},
  series =	 {Lecture Notes in Computer Science},
  volume = 1294,
  publisher =     {Springer-Verlag},
  year = 1997,
  PAGES  = {180--197},
}

@InProceedings{gifford:sfs,
  author = 	 {David K. Gifford and Pierre Jouvelot and Mark Sheldon and James O'Toole},
  title = 	 {Semantic File Systems},
  crossref =	 {SOSP13},
  pages =	 {16--25}
}

@techreport{gobioff:nasd,
  author = "Howard Gobioff and David Nagle and Garth Gibson",
  title = "Embedded Security for Network-Attached Storage",
  institution =  {CMU},
  number =	 "CMU-CS-99-154",
  month =	 {June},
  year =         1999,
}

@techreport{gobioff:nasd-integrity,
  author = "Howard Gobioff and David Nagle and Garth Gibson",
  title = "Integrity and Performance in Network-Attached Storage",
  institution =  {CMU},
  number =	 "CMU-CS-98-182",
  month =	 {December},
  year =         1998,
}

@InProceedings{goguen:noninterference,
  author = 	 {J. A. Goguen and J. Meseguer},
  title = 	 {Security Policies and Security Models},
  crossref =	 {IEEESP82},
  pages =	 {11-20},
}

@InProceedings{goh:sirius,
   author = {Eu-Jin Goh and Hovav Shacham and Nagendra Modadugu and Dan Boneh},
   title = {{SiRiUS:} {S}ecuring {R}emote {U}ntrusted {S}torage},
   booktitle = {Proceedings of the Tenth Network and
                Distributed System Security (NDSS) Symposium},
   pages = {131--145},
   year = 2003,
   month = {February},
   publisher = {Internet Society (ISOC)}
}

@InProceedings{goldberg:privacy,
  author = 	 {Ian Goldberg and David Wagner and Eric Brewer},
  title = 	 {Privacy-enhancing technologies for the {I}nternet},
  booktitle = 	 {{COMPCON} '97},
  year =	 1997,
  month =	 {February}
}

@Article{gong:secrets,
  author = 	 {Li Gong and T. Mark A. Lomas and Roger M. Needham
		  and Jerome H. Saltzer},
  title = 	 {Protecting Poorly Chosen Secrets from Guessing Attacks},
  journal = 	 {IEEE Journal on Selected Areas in Communications},
  year = 	 1993,
  volume =	 11,
  number =	 5,
  pages =	 {648--656},
  month =	 {June}
}

@misc{granboulan:esign,
    author = {Louis Granboulan},
    title = {How to repair ESIGN},
    howpublished = {Cryptology ePrint Archive, Report 2002/074},
    year = 2002,
    note = {\URL{http://eprint.iacr.org/}},
}

@InProceedings{gray:bus-contention,
  author = 	 {James W. Gray, III},
  title = 	 {On Introducing Noise into the Bus-Contention Channel},
  crossref =	 {IEEESP93},
  pages =	 {90--98},
}

@InProceedings{gray:leases,
  author = 	 {Cary G. Gray and David R. Cheriton},
  title = 	 {Leases: An Efficient Fault-Tolerant Mechanism
                  for Distributed File Cache Consistency},
  pages =        {202--210},
  crossref =     {SOSP12},
}

@InProceedings{gray:probabilistic-interference,
  author = 	 {James W. Gray III},
  title = 	 {Probabilistic interference},
  crossref =	 {IEEESP90},
  pages =	 {170--179},
}

@InProceedings{gray:probabilistic-systems,
  author = 	 {James W. Gray III},
  title = 	 {A logical approach to multilevel security of probabilistic systems},
  crossref =	 {IEEESP92},
  pages =	 {164--176},
}

@InProceedings{gronvall:jetfile,
  author = 	 {Bj{\"o}rn Gr{\"o}nvall and Ian Marsh and Stephen Pink},
  title = 	 {A Multicast-based Distributed File System for the Internet},
  booktitle = 	 POT # {7th ACM SIGOPS European Workshop},
  year =	 1996,
  pages =	 {95--102}
}

@InProceedings{gronvall:multicast,
  author = {Bj{\"o}rn Gr{\"o}nvall and Assar Westerlund and Stephen Pink},
  title = {The Design of a Multicast-based Distributed File System},
  crossref = {OSDI99},
  pages = {251--264},
}

@InProceedings{gribble:dds,
  author = 	 {Steven D. Gribble and Eric A. Brewer
                  and Joseph M. Hellerstein and David Culler},
  title = 	 {Scalable, Distributed Data Structures for Internet
                  Service Construction},
  crossref =	 {OSDI00},
}

@InProceedings{gulcu:babel,
  author = 	 {Ceki {G\"ulc\"u} and Gene Tsudik},
  title = 	 {Mixing {E}-mail with {BABEL}},
  booktitle = 	 POT # {ISOC Symposium on Network and
                        Distributed System Security},
  year =	 1996,
  month =	 {February}
}

@Unpublished{halevi:mmh,
  author = 	 {Shai Halevi and Hugo Krawczyk},
  title = 	 {MMH: Software Message Authentication in the
                  Gbit/second Rates},
  note = 	 {Extended Abstract},
  year =	 1996,
  month =	 {Oct}
}

@InProceedings{halevi:secpwd,
  author = 	 {Shai Halevi and Hugo Krawczyk},
  title = 	 {Public-key Cryptography and Password Protocols},
  booktitle = 	 POT # {5th ACM Conference on Computer
                  and Communications Security},
  year =	 1998
}

@InProceedings{haller:skey,
  author = 	 {Neil M. Haller},
  title = 	 {The {S/KEY} One-Time Password System},
  booktitle = 	 POT # {ISOC Symposium on Network and Distributed
                  System Security},
  year =	 1994,
  month =	 {February}
}

@InProceedings{hamilton:spring-nucleus,
  author = {Graham Hamilton and Panos Kougiouris},
  title = {The {S}pring Nucleus: {A} Microkernel for Objects},
  crossref =	 {USENIX93S},
  pages =	 {147-159},
  year =	 1993,
}

@InProceedings{hammond:tcc,
  author = 	 {Lance Hammond and Vicky Wong and Mike Chen
                  and Ben Hertzberg and Brian D. Carlstrom and John D. Davis
                  and Manohar K. Prabhu and Honggo Wijaya
                  and Christos Kozyrakis and Kunle Olukotun},
  title = 	 {Transactional Memory Coherence and Consistency},
  booktitle =	 POT # {31st Annual International Symposium
                        on Computer Architecture},
  year =	 2004,
  address =	 {Munich, Germany},
  month =	 {June}
}

@Article{hardy:confused,
  author = 	 {Norman Hardy},
  title = 	 {The Confused Deputy (or why capabilities might
                  have been invented)},
  journal = 	 {Operating Systems Review},
  year = 	 1988,
  volume =	 22,
  number =	 4,
  pages =	 {36--38},
  month =	 {Oct}
}

@Article{hastad:pseudorandom,
  title = 	 {A Pseudorandom Generator from any One-way Function},
  author = 	 {Johan {H\a astad} and Russell Impagliazzo
		  and Leonid A. Levin and Michael Luby},
  journal = 	 {SIAM Journal on Computing},
  year = 	 1999,
  volume =	 28,
  number =	 4,
  pages =	 {1364--1396}
}

@Article{heidemann:stackable,
  author = 	 {John S. Heidemann and Gerald J. Popek},
  title = 	 {File System Development with Stackable Layers},
  journal = 	 TOCS,
  year = 	 1994,
  volume =	 12,
  number =	 1,
  month =	 {February},
  pages =	 {58--89}
}

@Article{hisgen:echo,
  author = 	 {Andy Hisgen and Andrew Birrel and Chuck Jerian
                  and Timothy Mann},
  title = 	 {Granularity and Semantic Level of Replication in the
                  {Echo} Distributed File System},
  journal = 	 {IEEE TCOS Newsletter},
  year = 	 1990,
  volume =	 4,
  number =	 3,
  pages =	 {30--32}
}

@Article{hofmeyr:intrusion,
  author = 	 {Steven A. Hofmeyr and Stephanie Forrest
                  and Anil Somayaji},
  title = 	 {Intrusion Detection Using Sequences of System Calls},
  journal = 	 {Journal of Computer Security},
  year = 	 1998,
  volume =	 6,
  pages =	 {151--180}
}

@Article{howard:scale,
  author = 	 {John H. Howard and Michael L. Kazar and Sherri G. Menees
                  and David A. Nichols and M. Satyanarayanan
                  and Robert N. Sidebotham and Michael J. West},
  title = 	 {Scale and Performance in a Distributed File System},
  journal = 	 TOCS,
  year = 	 1988,
  volume =	 6,
  number =	 1,
  month =	 {February},
  pages =	 {51--81}
}

@InProceedings{hu:fuzzy-time,
  author = 	 {Wei-Ming Hu},
  title = 	 {Reducing Timing Channels with Fuzzy Time},
  crossref =	 {IEEESP91},
  pages =	 {8--20},
}

@TechReport{hunt:singularity-tr,
  author = 	 {Galen C. Hunt and James R. Larus
                  and {Mart\'in} Abadi
                  and Mark Aiken and Paul Barham and Manuel Fahndrich
                  and Chris Hawblitzel and Orion Hodson and Steven Levi
                  and Nick Murphy and Bjarne Steensgaard and David Tarditi
                  and Ted Wobber and Brian Zill},
  title = 	 {An Overview of the {S}ingularity Project},
  institution =  {Microsoft},
  year = 	 2005,
  number =	 {MSR-TR-2005-135},
  address =	 {Redmond, WA},
  month =	 {October}
}

@InProceedings{impagliazzo:pseudorandom,
  author = 	 {Russell Impagliazzo and Leonid A. Levin and Michael Luby},
  title = 	 {Pseudo-random generation from one-way functions},
  booktitle = 	 POT # {21st} # STOC,
  pages =	 {12--24},
  year =	 1989,
  month =	 {May}
}

@InProceedings{jakobsson:robustness,
  author = 	 {Markus Jacobsson},
  title = 	 {A practical MIX},
  booktitle = 	 {EUROCRYPT 98},
  year =	 1998,
  month =	 {May},
}

@InProceedings{johnson:measured-cdn,
  author = 	 {Kirk L. Johnson and John F. Carr and Mark S. Day
                  and M. Frans Kaashoek},
  title = 	 {The Measured Performance of Content Distribution Networks},
  booktitle =	 POT # {5th International Web Caching
                        and Content Delivery Workshop},
  year =	 2000,
  address =	 {Lisbon, Portugal},
  month =	 {May}
}

@InProceedings{kaashoek:exokernel,
  author = 	 {M. Frans Kaashoek and Dawson R. Engler
                  and Gregory R. Ganger and H{\'e}ctor M. Brice{\~n}o
                  and Russell Hunt and David Mazi{\`e}res
                  and Thomas Pinckney and Robert Grimm
                  and John Jannotti and Kenneth Mackenzie},
  title = 	 {Application Performance and Flexibility
                  on Exokernel Systems},
  pages =	 {52--65},
  crossref =	 {SOSP16},
}

@InProceedings{kallahalla:plutus,
  author = 	 {M. Kallahalla and E. Riedel and R. Swaminathan and
                  Q. Wang and K. Fu},
  title = 	 {Plutus: Scalable secure file sharing on untrusted storage},
  booktitle =	 {2nd {USENIX} conference on File and Storage Technologies
                  ({FAST} '03)},
  year =	 2003,
  address =	 {San Francisco, CA},
  month =	 {April}
}

@InProceedings{kaminsky:sfsgroups,
  author = 	 {Michael Kaminsky and George Savvides
                  and David Mazi{\`e}res and M. Frans Kaashoek},
  title = 	 {Decentralized User Authentication in a Global File System},
  pages =	 {60--73},
  crossref =	 {SOSP19},
}

@InProceedings{kaminsky:rex,
  author = 	 {Michael Kaminsky and Eric Peterson and Daniel B. Giffin
                  and Kevin Fu and David Mazi{\`e}res and M. Frans Kaashoek},
  title = 	 {{REX}: Secure, Extensible Remote Execution},
  crossref =     {USENIX04},
  pages = {199--212}
}

@TechReport{kaminsky:rex-tr,
  author = 	 {Michael Kaminsky and Eric Peterson and Kevin Fu
                  and David Mazi{\`e}res and M. Frans Kaashoek},
  title = 	 {{REX}:  Secure, modular remote execution through file
                  descriptor passing},
  institution =  {MIT Laboratory for Computer Science},
  year = 	 2003,
  number =	 {MIT-LCS-TR-884},
  month =	 {January}
}

@inproceedings{kain:access-checking,
    author = "Richard Y. Kain and Carl E. Landwehr",
    title = "On Access Checking in Capability-Based Systems",
    crossref = {IEEESP86},
    pages = "95-101",
}

@InProceedings{karagiannis:fear,
  author = 	 {Thomas Karagiannis and Pablo Rodriguez
                  and Konstantina Papagiannaki},
  title = 	 {Should Internet Service Providers Fear Peer-Assisted
                  Content Distribution?},
  booktitle =	 POT # {Internet Measurement Conference},
  year =	 2005,
  month =	 {October}
}

@InProceedings{karger:consistent-hashing,
  author =  {David Karger and Tom Leighton and Danny Lewin and Alex Sherman},
  title = {Web Caching with Consistent Hashing},
  booktitle = {The eighth Word Wide Web Conference},
  address = {Toronto, Canada},
  year = {1999},
  month = {May}
}

@InProceedings{karger:augmented-capability,
  author = 	 {Paul A. Karger and Andrew J. Herbert},
  title = 	 {An Augmented Capability Architecture
                  to Support Lattice Security and Traceability of Access},
  crossref =	 {IEEESP84},
  pages =	 {2--12},
}

@InProceedings{karger:damage-discretionary,
  author = 	 {Paul A. Karger},
  title = 	 {Limiting the Damage Potential
                  of Discretionary Trojan Horses},
  crossref =	 {IEEESP87},
  pages =	 {32--37},
}

@InProceedings{karger:hot-spots,
  author = 	 {David Karger and Eric Lehman and Tom Leighton
                  and Matthew levine and Deniel Lewin and Rina Panigrahy},
  title = 	 {Consistent hashing and random trees: Distributed caching
                  protocols for relieving hot spots on the World Wide Web},
  booktitle = 	 POT # {29th} # STOC,
  pages =	 {654--663},
  year =	 1997
}

@InProceedings{karger:storage-channels-disk-arm,
  author = 	 {Paul A. Karger and John C. Wrap},
  title = 	 {Storage channels in Disk Arm Optimization},
  pages =	 {52--61},
  crossref =	 {IEEESP91},
}

@InProceedings{karger:vmm,
  author = 	 {Paul A. Karger and Mary Ellen Zurko and Douglas W. Bonin
                  and Andrew H. Mason and Clifford E. Kahn},
  title = 	 {A {VMM} Security Kernel for the {VAX} Architecture},
  pages =	 {2--19},
  crossref =	 {IEEESP90},
}

@TechReport{karn:photuris,
  author = 	 {Phil Karn and William Allen Simpson},
  title = 	 {The {Photuris} Session Key Management Protocol},
  institution =  {Network Working Group},
  year = 	 1997,
  type = 	 {Internet Draft (draft-simpson-photuris-15)},
  note = 	 {Work in progress},
  month = 	 {July},
}

@TechReport{kaukonen:arcfour,
  author = 	 {Kalle Kaukonen and Rodney Thayer},
  title = 	 {A Stream Cipher Encryption Algorithm ``Arcfour''},
  institution =  {Network Working Group},
  year = 	 1999,
  type =	 {Internet Draft (draft-kaukonen-cipher-arcfour-03)},
  month =	 {July},
  note =	 {Work in progress}
}

@InProceedings{kazar:caching,
  author = 	 {Michael Leon Kazar},
  title = 	 {Synchronization and Caching Issues in the
                  {Andrew} File System},
  crossref =	 {USENIX88W},
  pages =	 {27--36}
}

@InProceedings{kazar:dfs,
  author = 	 {Michael L. Kazar and Bruce W. Leverett and Owen T. Anderson and Vasilis Apostolides and Beth A. Bottos and Sailesh Chutani and Craig F. Everhart and W. Anthony Mason and Shu-Tsui Tu and Edward R. Zayas},
  title = 	 {{DE}corum File System Architectural Overview},
  crossref =	 {USENIX90S},
  address = 	 {Anaheim, CA},
  pages =	 {151--163},
}

@Article{kemmerer:covert-flow-trees,
  author = 	 {Richard A. Kemmerer and Phillip A. Porras},
  title = 	 {Covert Flow Trees: A Visual Approach
                  to Analyzing Covert Storage Channels},
  journal = 	 {{IEEE} Transactions on Software Engineering},
  year = 	 1991,
  volume =	 17,
  number =	 11,
  pages =	 {1166-1185}
}

@InProceedings{kemmerer:identifying-channels,
  author = 	 {Richard A. Kemmerer},
  title = 	 {A Practical Approach to Identifying Storage and Timing
                  Channels: Twenty Years Later},
  booktitle =	 POT # {18th Annual Computer Security Applications Conference},
  pages =	 {109--118},
  year =	 2002
}

@Article{kemmerer:shared-resource-matrix,
 author = {Richard A. Kemmerer},
 title = {Shared Resource Matrix Methodology: An Approach
          to Identifying Storage and Timing Channels},
 journal = 	 TOCS,
 volume = 1,
 number = 3,
 year = 1983,
 pages = {256--277},
 publisher = {ACM Press},
 address = {New York, NY, USA},
}

@Article{kistler:coda,
  author = 	 {James J. Kistler and M. Satyanarayanan},
  title = 	 {Disconnected Operation in the Coda File System},
  journal = 	 TOCS,
  year = 	 1992,
  volume =	 10,
  number =	 1,
  pages =	 {3-25},
}

@InProceedings{kleinman:vnodes,
  author = 	 {S. R. Kleiman},
  title = 	 {Vnodes: An Architecture for Multiple File System Types in {Sun} {UNIX}},
  crossref =	 {USENIX86S},
  pages =	 {238--247}
}

@article{kohler:click,
  title =	{The {C}lick modular router}, 
  author =	{Eddie Kohler and Robert Morris and Benjie Chen and John Jannotti and
		 M. Frans Kaashoek}, 
  journal =	{{ACM} Transactions on Computer Systems}, 
  volume =	{18}, 
  number =	{4}, 
  year =	{2000}, 
  month =	{November},
  pages =	"263--297"
}

@InProceedings{krohn:least-privilege,
  author = 	 {Maxwell Krohn and Petros Efstathopoulos and Cliff Frey
                  and M. Frans Kaashoek and Eddie Kohler and David Mazi{\`e}res
                  and Robert Morris and Michelle Osborne
                  and Steve VanDeBogart and David Ziegler},
  title = 	 {Make Least Privilege a Right (Not a Privilege)},
  booktitle =	 POT # {10th Workshop on Hot Topics in Operating Systems},
  year =	 2005,
  address =	 {Santa Fe, NM},
  month =	 {June},
}

@InProceedings{krohn:authcodes,
  author = 	 {Maxwell N. Krohn and Michael J. Freedman
                  and David Mazi{\`e}res},
  title = 	 {On-the-Fly Verification of Rateless Erasure Codes
                  for Efficient Content Distribution},
  crossref =	 {IEEESP04},
  pages =	 {226--240}
}

@InProceedings{krohn:okws,
  author = 	 {Maxwell Krohn},
  title = 	 {Building Secure High-Performance Web Services with {OKWS}},
  crossref =     {USENIX04},
}

@InProceedings{lamacchia:field,
  author = 	 {Brian A. LaMacchia and Andrew M. Odlyzko},
  title = 	 {Computation of Discrete Logarithms in Prime Fields},
  booktitle = 	 {Designs, Codes and Cryptography 1},
  year =	 1991,
  pages =	 {47--62},
}

@Article{lamport:paxos,
 author = {Leslie Lamport},
 title = {The Part-Time Parliament},
 journal = 	 TOCS,
 volume = {16},
 number = {2},
 year = {1998},
 pages = {133--169}
}

@Article{lampson:authdist,
  author = 	 {Butler Lampson and Mart{\'\i}n Abadi and Michael Burrows
                  and Edward P. Wobber},
  title = 	 {Authentication in distributed systems: Theory and Practice},
  journal = 	 TOCS,
  year = 	 1992,
  volume =	 10,
  number =	 4,
  pages =	 {265--310}
}

@InProceedings{lampson:bcc1,
  author = 	 {B. W. Lampson},
  title = 	 {Dynamic Protection Structures},
  booktitle = 	 {Fall Joint Computer Conference},
  year =	 1969,
  annote =	 {Describes the protection system used in the Berkeley
		  Computer Comporation BCC Model I computer.  Files,
		  memory, and domains are all viewed as objects.  Each
		  domain has a list of unforgeable capabilities
		  granting particular access rights to processes,
		  where particular access rights can include the
		  ability to invoke particular "gate" entry points in
		  another domain, or even full access to another
		  domain for debugging purposes.}
}

@InProceedings{lampson:cal,
  author = 	 {Butler W. Lampson and Howard E. Sturgis},
  title = 	 {Reflections on an Operating System Design},
  crossref =	 {SOSP5},
  pages =	 {19--21},
  annote =	 {Post-mortem of the Cal operating system developed
		  for the Control Data 6400 at Berkeley.}
}

@Article{lampson:confinement,
 author = {Butler W. Lampson},
 title = {A note on the confinement problem},
 journal = {Communications of the {ACM}},
 volume = 16,
 number = 10,
 year = 1973,
 pages = {613--615},
}

@InProceedings{lampson:protection,
  author = 	 {Butler W. Lampson},
  title = 	 {Protection},
  booktitle = 	 POT # {Fifth Princeton Symposium on Information
		  Sciences and Systems},
  year = 	 1971,
  month = 	 {March},
  pages = 	 {437--443},
  annote = 	 {Discusses a number of different protection models
		  and implementation techniques:  Message passing
		  between separate domains, objects and access
		  matrices, capabilities and C-lists}
}

@InProceedings{lee:learning,
    author = {Wenke Lee and Salvatore Stolfo and Patrick Chan},
    title = {Learning Patterns from {Unix} Process Execution Traces
             for Intrusion Detection},
  booktitle = POT # {{AAAI} Workshop on {AI} Methods in Fraud and Risk Management},
  pages =	 {50--56},
  year =	 1997,
  month =	 {July}
}

@InProceedings{lee:mandatory-integrity,
  author = 	 {Theodore M. P.. Lee},
  title = 	 {Using Mandatory Integrity to Enforce
                  ``Commercial'' Security},
  pages =	 {140--146},
  crossref =	 {IEEESP88},
}

@InProceedings{lee:operation,
  author = 	 {Yui-Wah Lee and Kwong-Sak Leung and M. Satyanarayanan},
  title = 	 {Operation-based Update Propagation in a Mobile File System},
  crossref =	 {USENIX99}
}

@InProceedings{lee:petal,
  author = 	 {Edward K. Lee and Chandramohan Thekkath},
  title = 	 {Petal: Distributed Virtual Disks},
  booktitle = 	 POT # {7th International Conference on Architectural Support
		  for Programming Languages and Operating Systems},
  pages =	 {84--92},
  year =	 1996,
  month =	 {October},
  organization = {ACM}
}

@Book{levy:capability-based,
  author =	 {Henry M. Levy},
  title = 	 {Capability-Based Computer Systems},
  publisher = 	 {Digital Press},
  year = 	 1984
}

@Article{levy:dfs,
  author = 	 {Eliezer Levy and Abraham Silberschatz},
  title = 	 {Distributed File Systems:  Concepts and Examples},
  journal = 	 {ACM Computing Surveys},
  year = 	 1990,
  volume =	 22,
  number =	 4,
  month =	 {December},
  pages =	 {321--374}
}

@InProceedings{li:bft2f,
  author = 	 {Jinyuan Li and David Mazi{\`e}res},
  title = 	 {Beyond One-third  Faulty Replicas in
                  {B}yzantine Fault Tolerant Systems},
  crossref =	 {NSDI07},
}

@InProceedings{li:sundr,
  author = 	 {Jinyuan Li and Maxwell Krohn and David Mazi{\`e}res
                  and Dennis Shasha},
  title = 	 {Secure Untrusted Data Repository ({SUNDR})},
  crossref =     {OSDI04},
  pages =        {91--106},
}

@TechReport{li:sundr-tr,
  author = 	 {Jinyuan Li and Maxwell Krohn and David Mazi{\`e}res
                  and Dennis Shasha},
  title = 	 {Secure Untrusted Data Repository ({SUNDR})},
  institution =  {NYU Department of Computer Science},
  year = 	 2003,
  number =	 {TR2003-841},
  month =	 {June}
}

@InProceedings{lipner:commercial-applications,
  author = 	 {Steven B. Lipner},
  title = 	 {Non-Discretionary Controls for Commercial Applications},
  crossref =	 {IEEESP82},
  pages =	 {2--10},
}

@InProceedings{liskov:harp,
 author = {Barbara Liskov and Sanjay Ghemawat and Robert Gruber and Paul Johnson and Liuba Shrira},
 title = {Replication in the harp file system},
 crossref = {SOSP13},
 pages = {226--238},
}

@Article{loepere:resolving-covert-channels,
 author = {Keith Loepere},
 title = {Resolving covert channels within a {B2} class secure system},
 journal = {SIGOPS Operating Systystems Review},
 volume = 19,
 number = 3,
 year = 1985,
 issn = {0163-5980},
 pages = {9--28}
}

@InProceedings{loscocco:selinux,
  author = 	 {Peter Loscocco and Stephen Smalley},
  title = 	 {Integrating Flexible Support for Security Policies
                  into the {L}inux Operating System},
  crossref =	 {USENIX01},
  pages =	 {29--40},
  note =	 {FREENIX track}
}

@Unpublished{mackenzie:snapi,
  author = 	 {Philip MacKenzie and Ram Swaminathan},
  title = 	 {Secure Network Authentication with Password Identification},
  note = 	 {from \URL{http://www.bell-labs.com/user/philmac/research/pak.ps.gz}},
  month =	 {July},
  year =	 1999
}

@InProceedings{maheshwari:trusted-database,
  author = 	 {Umesh Maheshwari and Radek Vingralek},
  title = 	 {How to Build a Trusted Database System on Untrusted Storage},
  crossref =     {OSDI00},
}

@InProceedings{manber:siff,
  author = 	 {Udi Manber},
  title = 	 {Finding Similar Files in a Large File System},
  crossref =	 {USENIX94W},
}

@InProceedings{maniatis:timeline-entanglement,
  author = 	 {Petros Maniatis and Mary Baker},
  title = 	 {Secure History Preservation Through Timeline Entanglement},
  crossref =	 {USEC02},
}

@Article{mann:filecache,
  author = 	 {Timothy Mann and Andrew D. Birrell and Andy Hisgen
                  and Chuck Jerian and Garret Swart},
  title = 	 {A Coherent Distributed File Cache with
                  Directory Write-Behind},
  journal = 	 TOCS,
  year = 	 1994,
  volume =	 12,
  number =	 2,
  month =	 {May},
  pages =	 {123--164}
}

@Article{maurer:public-discussion,
    author     = {Ueli Maurer},
    title      = {Secret Key Agreement by Public Discussion},
    journal    = {IEEE Transaction on Information Theory},
    pages      = {733--742},
    number     = 3,
    volume     = 39,
    year       = 1993,
    month      = May
}

@InProceedings{maymounkov:kademlia,
  author = 	 {Petar Maymounkov and David Mazi{\`e}res},
  title = 	 {Kademlia:  A Peer-to-peer Information System
		  Based on the {XOR} Metric},
  booktitle =	 POT # {1st International Workshop
			on Peer-to-Peer Systems ({IPTPS} '02)},
  year =	 2002,
  address =	 {Cambridge, MA},
  month =	 {March},
  pages =	 {53--65}
}

@TechReport{maymounkov:online,
  author =	 {Petar Maymounkov},
  title = 	 {Online Codes},
  institution =  {NYU Department of Computer Science},
  year = 	 2002,
  number =	 {TR2002-833},
  month =	 {November}
}

@InProceedings{maymounkov:rateless,
  author = 	 {Petar Maymounkov and David Mazi{\`e}res},
  title = 	 {Rateless Codes and Big Downloads},
  booktitle =	 POT # {2nd International Workshop
			on Peer-to-Peer Systems ({IPTPS} '03)},
  year =	 2003,
  address =	 {Berkeley, CA},
  month =	 {February},
  pages =	 {247--255}
}

@TechReport{mazieres:aemt,
  author = 	 {David {Mazi\`eres} and Michael D. Smith},
  title = 	 {Abstract Execution in a Multi-Tasking Environment},
  institution =  {Harvard University},
  year = 	 1994,
  number =	 {TR-31-94},
  month =	 {November}
}

@Article{mazieres:avenger-virusbtn,
  author = 	 {David Mazi{\`e}res},
  title = 	 {Blocking Unwanted Mail with Mail Avenger},
  journal = 	 {Virus Bulletin},
  year = 	 2005,
  pages =	 {S2--S4},
  month =	 {July}
}

@InProceedings{mazieres:dont-trust,
  author = 	 {David Mazi{\`e}res and Dennis Shasha},
  title = 	 {Don't Trust Your File Server},
  booktitle = 	 POT # {8th Workshop on Hot Topics in Operating Systems},
  year =	 2001,
  month =	 {May},
  pages =	 {113--118}
}

@InProceedings{mazieres:escape,
  author = 	 {David Mazi{\`e}res and M. Frans Kaashoek},
  title = 	 {Escaping the Evils of Centralized Control with
                  Self-certifying Pathnames},
  booktitle = 	 POT # {8th ACM SIGOPS European Workshop},
  year =	 1998,
  pages =	 {118--125}
}

@InProceedings{mazieres:hotos6,
  author = 	 {David {Mazi\`eres} and M. Frans Kaashoek},
  title = 	 {Secure Applications Need Flexible Operating Systems},
  booktitle = 	 POT # {6th Workshop on Hot Topics in Operating Systems},
  year =	 1997,
  pages =	 {56--61},
  month =	 {May}
}

@MastersThesis{mazieres:masters,
  author = 	 {David Mazi{\`e}res},
  title = 	 {Security and Decentralized Control in the
                  {SFS} Distributed File System},
  school = 	 {Massachusetts Institute of Technology},
  year = 	 1997,
  month =	 {August}
}

@InProceedings{mazieres:nfsloop,
  author = 	 {David Mazi{\`e}res},
  title = 	 {A toolkit for user-level file systems},
  crossref =	 {USENIX01},
  pages =	 {261--274},
}

@InProceedings{mazieres:pnym,
  author = 	 {David {Mazi\`eres} and M. Frans Kaashoek},
  title = 	 {The Design, Implementation and Operation of an
                  Email Pseudonym Server},
  booktitle = 	 POT # {5th ACM Conference on Computer
                  and Communications Security},
  pages =	 {27--36},
  year =	 1998
}

@InProceedings{mazieres:separating,
  author = 	 {David {Mazi\`eres} and Michael Kaminsky
		  and M. Frans Kaashoek and Emmett Witchel},
  title = 	 {Separating Key Management from File System Security},
  pages =	 {124--139},
  crossref =	 {SOSP17},
}

@InProceedings{mazieres:sundr-podc,
  author = 	 {David {Mazi\`eres} and Dennis Shasha},
  title = 	 {Building Secure File Systems out of {B}yzantine Storage},
  booktitle =	 POT # {21st Annual ACM SIGACT-SIGOPS Symposium on
		  Principles of Distributed Computing},
  year =	 2002,
  month =	 {July},
  pages =	 {108--117},
  note =	 {The full version is available as NYU computer science
                  department technical report TR2002-826, May 2002.}
}

@TechReport{mazieres:sundr-tr,
  author = 	 {David {Mazi\`eres} and Dennis Shasha},
  title = 	 {Building secure file systems out of Byzantine storage},
  institution =  {NYU Department of Computer Science},
  year = 	 2002,
  number =	 {TR2002--826},
  month =	 {May}
}

@PhdThesis{mazieres:thesis,
  author = 	 {David {Mazi\`eres}},
  title = 	 {Self-certifying File System},
  school = 	 {Massachusetts Institute of Technology},
  year = 	 2000,
  month =	 {May}
}

@InProceedings{mccane:layered,
  author = 	 {Steven McCanne and Van Jacobson and Martin Vetterli},
  title = 	 {Receiver-driven Layered Multicast},
  booktitle = 	 {ACM SIGCOMM},
  year =	 1996,
  address =	 {Stanford, CA},
  month =	 {August},
  pages =	 {117--130}
}

@InProceedings{mccollum:beyond,
  author = 	 {Catherine Jensen McCollum and Judith R. Messing
                  and LouAnna Notargiacomo},
  title = 	 {Beyond the Pale of {MAC} and {DAC} --
                  Defining New Forms of Access Control},
  pages =	 {190--200},
  crossref =	 {IEEESP90},
}

@InProceedings{mccullough:noninterference-composability,
  author = 	 {Daryl McCullough},
  title = 	 {Noninterference and the Composability
                  of Security Properties},
  pages =	 {177--186},
  crossref =	 {IEEESP88},
}

@InCollection{mchugh:covert-channel-analysis,
  author =	 {John McHugh},
  title = 	 {Covert Channel Analysis},
  booktitle = 	 {Handbook for the Computer Security Certification
                  of Trusted Systems},
  year = 	 1995,
  publisher = 	 {Center for High Assurance Computing Systems,
                  Naval research Laboratory},
  address =	 {4555 Overlook Ave, SW, Washington, DC 20375},
}

@InProceedings{mclean:security-models,
  author = 	 {John McLean},
  title = 	 {Security Models and Information Flow},
  pages =	 {180--187},
  crossref =	 {IEEESP90},
}

@Article{mcilroy:ix,
  author = 	 {M. Douglas McIlroy and James A. Reeds},
  title = 	 {Multilevel Security in the {UNIX} Tradition},
  journal =	 {Software---Practice and Experience},
  pages =	 {673--694},
  year =	 1992,
  volume =	 22,
  number =	 8
}

@Article{mckusick:ffs,
  author = 	 {Marshall K. McKusick and William N. Joy
			and Samuel J. Leffler and Robert S. Fabry},
  title = 	 {A Fast File System for {UNIX}},
  journal = 	 TOCS,
  year = 	 1984,
  volume =	 2,
  number =	 3,
  pages =	 {181--197}
}

@InProceedings{merkle:sig-conventional,
  author = 	 {Ralph C. Merkle},
  title = 	 {A Digital Signature Based on a Conventional
		  Encryption Function},
  booktitle = 	 {Advances in Cryptology---CRYPTO '87},
  pages =	 {369--378},
  year =	 1987,
  editor =	 {Carl Pomerance},
  volume =	 293,
  series =	 {Lecture Notes in Computer Science},
  address =	 {Berlin},
  publisher =	 {Springer-Verlag}
}

@InProceedings{millen:covert-channel,
  author = 	 {Jonathan Millen},
  title = 	 {20 Years of Covert Channel Modeling and Analysis},
  crossref =	 {IEEESP99},
  pages =	 {113--114},
}

@TechReport{miller:capability,
  author = 	 {Mark S. Miller and Ka-Ping Yee and Jonathan Shapiro},
  title = 	 {Capability Myths Demolished},
  institution =  {Johns Hopkins University Systems Research Laboratory},
  year = 	 2003,
  number =	 {SRL2003-02},
  note =	 {\URL{http://www.erights.org/elib/capability/duals/}}
}

@InProceedings{miller:strong-sec,
  author = 	 {Ethan Miller and Darrell Long and William Freeman
                  and Benjamin Reed},
  title = 	 {Strong Security for Distributed File Systems},
  booktitle = 	 POT # {20th IEEE International Performance, Computing,
                  and Communications Conference},
  pages =	 {34--40},
  year =	 2001,
  address =	 {Phoenix, AZ},
  month =	 {April}
}

@Article{mitchel:fileservers,
  author = 	 {James G. Mitchell and Jeremy Dion},
  title = 	 {A Comparison of Two Network-Based File Servers},
  journal = 	 CACM,
  year = 	 1982,
  volume =	 25,
  number =	 2,
  pages =	 {233--245},
  note =	 {Also appears in } # POT # {of the 8th Symposium on Operating System Principles}
}

@Article{morris:password,
  author = 	 {Robert Morris and Ken Thompson},
  title = 	 {Password Security: A Case History},
  journal = 	 {Communications of the {ACM}},
  year = 	 1979,
  volume = 	 22,
  number = 	 11,
  pages = 	 {594--597},
  month = 	 {November}
}

@InProceedings{mogul:delta-corrected,
  author = 	 {Jeffrey C. Mogul and Fred Douglis and Anja Feldmann
		  and Balachander Krishnamurthy},
  title = 	 {Potential Benefits of Delta Encoding and Data Compression
		  for HTTP},
  booktitle = 	 POT # {1997 ACM SIGCOMM Conference},
  pages =	 {181--194},
  year =	 1997,
  month =	 {September}
}

@InProceedings{muthitacharoen:ivy,
  author = 	 {Athicha Muthitacharoen and Robert Morris
                  and Thomer M. Gil and Benjie Chen},
  title = 	 {Ivy: A Read/Write Peer-to-Peer File System},
  crossref =	 {OSDI02},
  pages =	 {31--44},
}

@InProceedings{muthitacharoen:lbfs,
  author = 	 {Athicha Muthitacharoen and Benjie Chen
                  and David Mazi{\`e}res},
  title = 	 {A Low-bandwidth Network File System},
  pages =        {174--187},
  crossref =	 {SOSP18}
}

@InProceedings{muntz:trash,
  author = 	 {D. Muntz and P. Honeyman},
  title = 	 {Multi-level Caching in Distributed File Systems, or Your cache ain't nuthin' but trash},
  crossref =	 {USENIX92W},
  pages =	 {305--312}
}

@Article{myers:jif,
  author = 	 {Andrew C. Myers and Barbara Liskov},
  title = 	 {Protecting Privacy using the Decentralized Label Model},
  journal = 	 TOCS,
  year = 	 2000,
  volume =	 9,
  number =	 4,
  pages =	 {410--442},
  month =	 {October}
}

@ARTICLE{nelson:caching,
  author =	 "M. Nelson and B. Welch and J. Ousterhout",
  year =	 1988, 
  month =	 FEB,
  journal =	 TOCS,
  volume =	 6, 
  number =	 1, 
  pages =	 {134--154},
  title =	 "Caching in the {S}prite Network File System"
}

@InProceedings{ng:storage-outsourcing,
  author = 	 {Wee Teck Ng and Bruce Hillyer and Elizabeth Shriver
                  and Eran Gabber and Banu Ozden},
  title =	 {Obtaining High Performance for Storage Outsourcing },
  booktitle =	 {First {USENIX} conference on File and Storage Technologies
                  ({FAST} '02)},
  year =	 2002,
  address =	 {Monterey, CA},
  month =	 {January}
}

@InProceedings{nicolosi:ack,
  author = 	 {Antonio Nicolosi and David Mazi{\`e}res},
  title =        {Secure Acknowledgment of Multicast Messages
                  in Open Peer-to-Peer Networks},
  booktitle =	 POT # {3rd International Workshop
			on Peer-to-Peer Systems ({IPTPS} '04)},
  year =	 2004,
  address =	 {San Diego, CA},
  month =	 {February},
  pages = {259--268}
}

@InProceedings{nicolosi:2schnorr,
  author = 	 {Antonio Nicolosi and Maxwell Krohn and Yevgeniy Dodis
                  and David Mazi{\`e}res},
  title = 	 {Proactive Two-party Signatures for User Authentication},
  booktitle =	 POT # {10th Annual Network and Distributed System Security Symposium},
  year =	 2003,
  month =	 {February},
  pages =	 {233-248}
}

@InProceedings{noble:fluid-replication,
  author = 	 {Brian Noble and Ben Fleis and Minkyong Kim
                  and Jim Zajkowski},
  title = 	 {Fluid Replication},
  booktitle = 	 POT # {1999 Network Storage Symposium (Netstore)},
  year =	 1999,
  month =	 {October}
}

@InProceedings{okamoto:almost-uniform,
  author = 	 {Tatsuaki Okamoto and Jacques Stern},
  title = 	 {Almost uniform density of power residues
                  and the provable security of {ESIGN}},
  booktitle =	 {Advances in Cryptology -- ASIACRYPT},
  pages =	 {287--301},
  year =	 2003
}

@InProceedings{okamoto:esign,
  author = 	 {Tatsuaki Okamoto and Akira Shiraishi},
  title = 	 {A Fast Signature Scheme Based on Quadratic
                  Inequalities},
  crossref =	 {IEEESP85},
  pages =	 {123--132},
}

@inproceedings{oki:viewstamped,
 author = {Brian M. Oki and Barbara H. Liskov},
 title = {Viewstamped Replication: A New Primary Copy Method to
          Support Highly-Available Distributed Systems},
 booktitle = POT # {7th Annual Symposium on Principles
                    of Distributed Computing},
 year = {1988},
 pages = {8--17},
 location = {Toronto, Ontario, Canada}
}

@InProceedings{ousterhout:bsd,
  author =      "J. Ousterhout and H. Da Costa and D. Harrison and J. A. Kunze and M. Kupfer and J. G. Thompson",
  title =       "A Trace-Driven Analysis of the {U}nix 4.2 {BSD} File System",
  pages =       "15--24",
  crossref =	{SOSP10},
}

@INPROCEEDINGS{ousterhout:os,
        Author = {John K. Ousterhout},
        TITLE = {Why Aren't Operating Systems Getting Faster As Fast As Hardware?},
        BOOKTITLE = {Summer USENIX '90},
        YEAR = 1990,
        PAGES = {247--256},
        ADDRESS = {Anaheim, CA},
        MONTH = JUN
}

@InProceedings{quinlan:venti,
  author = 	 {Sean Quinlan and Sean Dorward},
  title = 	 {Venti: a new approach to archival storage},
  booktitle =	 {First {USENIX} conference on File and Storage Technologies
                  ({FAST} '02)},
  year =	 2002,
  address =	 {Monterey, CA},
  month =	 {January}
}

@InProceedings{rhea:pond,
  author = 	 {Sean Rhea and Patrick Eaton and Dennis Geels},
  title = 	 {Pond:  The {OceanStore} Prototype},
  booktitle =	 {2nd {USENIX} conference on File and Storage Technologies
                  ({FAST} '03)},
  year =	 2003,
  address =	 {San Francisco, CA},
  month =	 {April}
}

@InProceedings{rowstron:pastry,
author = {A. Rowstron and P. Druschel},
title = {Pastry: Scalable, distributed object location and routing for
	large-scale peer-to-peer systems},
booktitle = {Middleware},
year = 2001
}

@InProceedings{rushby:secure-systems,
  author = 	 {John M. Rushby},
  title = 	 {Design and Verification of Secure Systems},
  crossref =	 {SOSP8},
  pages =	 {12--21},
}

@Article{parker:inconsistency,
  author = 	 {Parker, Jr., D. Stott and Gerald J. Popek
                  and Gerard Rudisin and Allen Stoughton
                  and Bruce J. Walker and Evelyn Walton and Johanna M. Chow
                  and David Edwards and Stephen Kiser and Charles Kline},
  title = 	 {Detection of Mutual Inconsistency in Distributed Systems},
  journal = 	 {{IEEE} Transactions on Software Engineering},
  year = 	 1983,
  volume =	 {SE-9},
  number =	 3,
  pages =	 {240--247},
  month =	 {May}
}

@InProceedings{patel:eke,
  author = 	 {Sarvar Patel},
  title = 	 {Number Theoretic Attacks On Secure Password Schemes},
  crossref =	 {IEEESP97},
  pages =	 {236--247}
}

@Manual{pendry:amd,
  author = 	 {Jan-Simon Pendry and Nick Williams},
  title = 	 {{Amd} The 4.4 BSD Automounter Reference Manual},
  institution =  {Department of Computing, Imperial College},
  address =      {London, SW7 2BZ, UK},
  note =         {Manual comes with amd software distribution}
}

@InProceedings{petersen:flexible-update,
  author = 	 {Karin Petersen and Mike J. Spreitzer and Douglas B. Terry},
  title = 	 {Flexible Update Propagation for
		  Weakly Consistent Replication},
  pages =        {288--301},
  crossref =	 {SOSP16},
}

@InProceedings{pfitzmann:isdn,
  author = 	 {Andreas Pfitzmann and Birgit Pfitzmann and Michael Waidner},
  title = 	 {{ISDN-MIXes}---Untraceable Communication with
                  very small Bandwidth Overhead},
  booktitle = 	 POT # {Kommunikation in verteilten Systemen},
  pages =	 {245--258},
  year =	 1991,
  month =	 {Feb}
}

@article{pike:plan9,
    author = {Rob Pike and Dave Presotto and Sean Dorward
              and Bob Flandrena and Ken Thompson and Howard Trickey
              and Phil Winterbottom},
    title = "{Plan 9} from {Bell Labs}",
    journal = {Computing Systems},
    volume = 8,
    number = 3,
    month = {Summer},
    pages = {221--254},
    year = 1995,
}

@Article{pike:plan9names,
  author =       {Rob Pike and Dave Presotto and Ken Thompson
                  and Howard Trickey and Phil Winterbottom},
  title =        {The Use of Name Spaces in Plan 9},
  journal =      {{ACM} SIGOPS Operating System Review},
  year =         1993,
  volume =       27,
  number =       2,
  month =        {Apr},
  pages =        {72--76}
}

@InProceedings{provos:bcrypt,
  author = 	 {Niels Provos and David Mazi{\`e}res},
  title = 	 {A Future-Adaptable Password Scheme},
  booktitle = 	 POT # " 1999 USENIX, Freenix track (the on-line version)",
  year = 	 1999,
  address = 	 {Monterey, CA},
  month =	 {June},
  organization=  {USENIX},
  note =         {from \URL{http://www.usenix.org/events/usenix99/provos.html}},
}

@InProceedings{provos:systrace,
  AUTHOR = {Niels Provos},
  Title = "Improving Host Security with System Call Policies",
  pages = {257--271},
  crossref = {USEC03},
}

@TechReport{rabin:sigs,
  author = 	 {Michael O. Rabin},
  title = 	 {Digitalized Signatures and Public Key Functions
                  as Intractable as Factorization},
  institution =  {MIT Laboratory for Computer Science},
  year = 	 1979,
  number =	 {TR-212},
  month =	 {January}
}

@InProceedings{rackoff:traffic,
  author = 	 {Charles Rackoff and Daniel R. Simon},
  title = 	 {Cryptographic Defense Against Traffic Analysis},
  booktitle = 	 POT # {25th} # STOC,
  pages =	 {672--681},
  year =	 1993
}

@InCollection{reed:swallow,
  author = 	 {David Reed and Liba Svobodova},
  title = 	 {Swallow: A Distributed Data Storage System for a
                  Local Network},
  booktitle =	 {Local Networks for Computer Communications},
  pages =	 {355--373},
  publisher = 	 {North-Holland Publ.},
  year = 	 1981,
  editor =	 {A. West and P. Janson},
  address =	 {Amsterdam},
  annote =	 {Immutable files}
}

@InProceedings{reiher:truffles,
  author = 	 {Peter Reiher and Thomas Page, Jr. and Gerald J. Popek and
                  Jeff Cook and Stephen Crocker},
  title = 	 {Truffles --- A Secure Service for Widespread File Sharing},
  booktitle = 	 POT # {PSRG Workshop on Network and Distributed System
                 Security},
  pages =        {101-119},
  address = 	 {San Diego, CA},
  year = 	 {1993}
} 

@Article{reiter:causal,
  author = 	 {Michael Reiter and Li Gong},
  title = 	 {Securing Causal Relationships in Distributed Systems},
  journal =	 {The Computer Journal},
  pages =	 {633--642},
  year =	 1995,
  volume =	 38,
  number =	 8
}

@TechReport{reiter:crowds,
  author = 	 {Michael K. Reiter and Aviel D. Rubin},
  title = 	 {Crowds:  Anonymity for web transactions},
  institution =  {DIMACS},
  year = 	 1997,
  number =	 {97-15},
  month =	 {April}
}

@InProceedings{rifkin:rfs,
  author = 	 {Andrew P. Rifkin and Michael P. Forbes and Richard L. Hamilton and Michael Sabrio and Suryakanta Shah and Kang Yueh},
  title = 	 {{RFS} Architectural Overview},
  crossref =	 {USENIX86S},
  pages =	 {248--259}
}

@Article{ritchie:unix,
  author = 	 {Dennis M. Ritchie and Ken Thompson},
  title = 	 {The {UNIX} Time-Sharing System},
  journal = 	 {Communications of the {ACM}},
  year = 	 1974,
  volume = 	 17,
  number = 	 7,
  pages = 	 {365--375},
  month = 	 {July}
}

@Unpublished{rivest:sdsi,
  author = 	 {Ronald L. Rivest and Butler Lampson},
  title = 	 {{SDSI}---A Simple Distributed Security Infrastructure},
  note =         {Working document from
                  \URL{http://theory.lcs.mit.edu/~cis/sdsi.html}}
}

@InProceedings{rohatgi:hybridsig,
  author =  {Pankaj Rohatgi},
  title = {A Compact and Fast Hybrid Signature Scheme for
           Multicast Packet Authentication},
  booktitle = {CCS'99},
  address = {Singapore},
  year = {1999},
  month = {November}
}

@InProceedings{rosenblum:lfs,
        author = "M. Rosenblum and J. Ousterhout",
        title = "The Design and Implementation of a Log-Structured File System",
        crossref = {SOSP13},
        pages = {1--15}
}

@Article{saltzer:endtoend,
  author = 	 {Jerome H. Saltzer and David P. Reed and David D. Clark},
  title = 	 {End-to-End Arguments in Systems Design},
  journal = 	 TOCS,
  year = 	 1984,
  volume =	 2,
  number =	 4,
  pages =	 {277--288}
}

@InProceedings{sandberg:nfs,
  author = 	 {Russel Sandberg and David Goldberg and Steve Kleiman
                  and Dan Walsh and Bob Lyon},
  title = 	 {Design and Implementation of the {Sun} Network Filesystem},
  pages = 	 {119--130},
  address = 	 {Portland, OR},
  crossref =	 {USENIX85S}, 
}

@Article{sandhu:lattice,
  author = 	 {Ravi S. Sandhu},
  title = 	 {Lattice-Based Access Control Models},
  journal = 	 {IEEE Computer},
  year = 	 1993,
  month =	 {November},
  pages =	 {9--19}
}

@InProceedings{sapuntzakis:optimizing-migration,
  author = 	 {Constantine P. Sapuntzakis and Ramesh Chandra
		  and Ben Pfaff and Jim Chow and Monica S. Lam
		  and Mendel Rosenblum},
  title = 	 {Optimizing the Migration of Virtual Computers},
  crossref =	 {OSDI02},
  pages =	 {377--390},
}

@Article{satyanarayanan:afs,
  author = 	 {M. Satyanarayanan},
  title = 	 {Scalable, Secure and Highly Available File Access
                  in a Distributed Workstation Environment},
  journal = 	 {{IEEE} Computer},
  year = 	 1990,
  month =	 {May},
  volume =	 23,
  number =	 5,
  pages =	 {9--21}
}

@Article{satyanarayanan:afs-security,
  author = 	 {M. Satyanarayanan},
  title = 	 {Integrating Security in a Large Distributed System},
  journal = 	 TOCS,
  year = 	 1989,
  volume =	 7,
  number =	 3,
  pages =	 {247--280},
}

@InProceedings{satyanarayanan:sizes,
  author = 	 {M. Satyanarayanan},
  title = 	 {A Study of File Sizes and Functional Lifetimes},
  crossref =	 {SOSP8},
  pages =	 {96--108}
}

@InProceedings{schaefer:confinement,
  author = 	 {Marvin Schaefer and Barry Gold and Richard Linde
                  and John Scheid},
  title = 	 {Program confinement in {KVM/370}},
  booktitle =	 POT # {ACM/CSC-ER annual conference},
  pages =	 {404--410},
  year =	 1977,
  month =	 {October}
}

@InProceedings{schneier:blowfish,
  author = 	 {Bruce Schneier},
  title = 	 {Description of a New Variable-Length Key,
                  64-Bit Block Cipher (Blowfish)},
  booktitle = 	 {Fast Software Encryption, Cambridge Security
                  Workshop Proceedings},
  year =	 1993,
  publisher =	 {Springer-Verlag},
  month =	 {December},
  pages =	 {191--204}
}

@InProceedings{schroeder:cfs,
  author = 	 {Michael D. Schroeder and David K. Gifford
                  and Roger M. Needham},
  title = 	 {A Caching File System For a Programmer's Workstation},
  pages =	 {25--34},
  crossref =	 {SOSP10}
}

@InProceedings{schroeder:hardware-for-rings,
  author = 	 {Michael D. Schroeder and Jerome H. Saltzer},
  title = 	 {A Hardware Architecture for Implementing Protection Rings},
  crossref =	 {SOSP3},
  pages =	 {42--54},
}

@InProceedings{shaikh:dns-selection,
  author = 	 {Anees Shaikh and Renu Tewari and Mukesh Agrawal},
  title = 	 {On the Effectiveness of {DNS}-based Server Selection},
  booktitle =	 POT # {IEEE INFOCOM},
  year =	 2001,
  address =	 {Anchorage, AK},
  month =	 {April}
}

@InProceedings{shapiro:eros,
  author = 	 {Jonathan S. Shapiro and Jonathan M. Smith
                  and David J. Farber},
  title = 	 {{EROS}: a fast capability system},
  crossref =	 {SOSP17},
  pages =	 {170--185}
}

@Article{sheltzer:internetlocus,
  author = 	 {Alan B. Sheltzer and Gerald J. Popek},
  title = 	 {Internet {Locus}: Extending Transparency to an {Internet} Environment},
  journal = 	 {IEEE Transactions on Software Engineering},
  year = 	 1986,
  volume =	 {SE-12},
  number =	 11,
  month =	 {November},
  pages =	 {1067--1075}
}

@InProceedings{shirriff:name,
  author = "Ken Shirriff and John Ousterhout",
  TITLE = "A Trace-driven Analysis of Name and Attribute
	   Caching in a Distributed File System",
  pages = {315--331},
  crossref = {USENIX92W},
}

@InProceedings{shivakumar:near-replicas,
  author = 	 {N. Shivakumar and H. Carcia-Molina},
  title = 	 {Finding Near-replicas of Documents on the Web},
  booktitle = 	 POT # {Workshop on Web Databases held in conjunction with
                  EDBT},
  year =	 1998,
  month =	 {March}
}

@TechReport{shoup:exchange,
  author = 	 {Victor Shoup},
  title = 	 {On Formal Models for Secure Key Exchange (version 4)},
  institution =  {IBM Zurich Research Lab},
  year = 	 1999
}

@InProceedings{smith:partial-order,
  author = 	 {Sean W. Smith and J. D. Tygar},
  title = 	 {Security and Privacy for Partial Order Time},
  booktitle =	 POT # {ISCA International Conference on Parallel
                        and Distributed Computing Systems},
  pages =	 {70--79},
  year =	 1994,
  address =	 {Las Vegas, NV},
  month =	 {October}
}

@Article{spasojevic:empirical,
  author = 	 {Mirjana Spasojevic and M. Satyanarayanan},
  title = 	 {An Empirical Study of a Wide-Area Distrubuted File System},
  journal = 	 TOCS,
  year = 	 1996,
  volume =	 14,
  number =	 2,
  month =	 {May},
  pages =	 {200--222}
}

@InProceedings{spring:redundant,
  author = 	 {Neil T. Spring and David Wetherall},
  title = 	 {A Protocol Independent Technique for Eliminating
                  Redundant Network Traffic},
  booktitle = 	 POT # {2000 ACM SIGCOMM Conference},
  pages =	 {87--95},
  year =	 2000,
  month =	 {August}
}

@InProceedings{stein:unifying,
  author = 	 {Christopher A. Stein and John H. Howard
                  and Margo I. Seltzer},
  title = 	 {Unifying File System Protection},
  crossref =	 {USENIX01}
}

@InProceedings{steiner:kerberos,
  author = 	 {J. G. Steiner and B. C. Neuman and J. I. Schiller},
  title = 	 {Kerberos: An Authentication Service for
                  Open Network Systems},
  address = 	 {Dallas, TX},
  month   =      {February},
  pages   =      {191-202},
  crossref =	 {USENIX88W},
}

@inproceedings{stoica:chord,
  title = {Chord: A Scalable Peer-to-peer Lookup Service for
           Internet Applications},
  author = {Ion Stoica and Robert Morris and David Karger
            and M. Frans Kaashoek and Hari Balakrishnan},
  booktitle = {Proceedings of the {ACM} {SIGCOMM} '01 Conference},
  year = 2001,
  month = {August},
  address = {San Diego, California},
}

@InProceedings{stoughton:access-flow,
  author = 	 {Allen Stoughton},
  title = 	 {Access Flow:  A Protection Model which Integrates
                  Access Control and Information Flow},
  crossref =	 {IEEESP81},
  pages =	 {9--18},
}

@InProceedings{strunk:self-securing,
  author = 	 {John D. Strunk and Garth R. Goodson
                  and Michael L. Scheinholtz and Craig A.N. Soules
                  and Gregory R. Ganger},
  title = 	 {Self-Securing Storage:  Protecting Data
                  in Compromised Systems},
  crossref =	 {OSDI00},
}

@Article{sturgis:dfs,
  author = 	 {H. Sturgis and J. Mitchell and J. Israel},
  title = 	 {Issues in the Design and Use of a Distributed File System},
  journal = 	 {ACM Operating Systems Review},
  year = 	 1980,
  volume = 	 14,
  number =	 3,
  month =	 {July},
  pages =	 {55--69}
}

@Article{svobodova:survey,
  author = 	 {Liba Svobodova},
  title = 	 {File Servers for Network-Based Distributed Systems},
  journal = 	 {ACM Computing Surveys},
  year = 	 1984,
  volume =	 16,
  number =	 4,
  month =	 {December},
  pages =	 {353--398}
}

@InProceedings{syverson:onion,
  author = 	 {Paul F. Syverson and David M. Goldschlag
                  and Michael G. Reed},
  title = 	 {Anonymous Connections and Onion Routing},
  crossref =	 {IEEESP97},
  pages =	 {44--54},
}

@InProceedings{taylor:secure-rpc,
  author = 	 {Bradley Taylor and David Goldberg},
  title = 	 {Secure Networking in the {Sun} Environment},
  pages = 	 {28--37},
  crossref =	 {USENIX86S},
}

@Article{thain:parrot,
  author = 	 {Douglas Thain and Miron Livny},
  title = 	 {Parrot: An Application Environment for
                  Data-Intensive Computing},
  journal = 	 {Journal of Parallel and Distributed Computing Practices},
  year = 	 2004
}

@article{thaler:name-based-mappings,
    author = {David G. Thaler and Chinya V. Ravishankar},
    title = {Using Name-Based Mappings to Increase Hit Rates},
    journal = {{IEEE}\slash {ACM} Transactions on Networking},
    volume = 6,
    number = 1,
    pages = {1--14},
    year = 1998,
}

@InProceedings{thekkath:frangipani,
  author = 	 {Chandramohan Thekkath and Timothy Mann and Edward K. Lee},
  title = 	 {Frangipani:  A Scalable Distributed File System},
  crossref =	 {SOSP16},
  pages =	 {224--237}
}

@Article{tichy:string2string,
  author = 	 {Walter F. Tichy},
  title = 	 {The String-to-String Correction Problem with Block Moves},
  journal = 	 TOCS,
  year = 	 1984,
  volume =	 2,
  number =	 4,
  pages =	 {309--321},
  month =	 {November}
}

@TechReport{tridgell:rsync,
  author = 	 {Andrew Tridgell and Paul Mackerras},
  title = 	 {The rsync algorithm},
  institution =  {Australian National University},
  year = 	 1997,
  number =	 {TR-CS-96-05}
}

@PhdThesis{tridgell:thesis,
  author = 	 {Andrew Tridgell},
  title = 	 {Efficient Algorithms for Sorting and Synchronization},
  school = 	 {Australian National University},
  year = 	 2000,
  month =	 {April}
}

@Unpublished{vahdat:webfs,
  author =       {Amin M. Vahdat and Paul C. Eastham and Thomas E. Anderson},
  title =        {{WebFS}: A Global Cache Coherent File System},
  institution =  {Department of Computer Science, University of California at Berkeley},
  note =         {from \URL{http://www.duke.berkeley.edu/~vahdat/webfs/webfs.html}},
  month =        {December},
  year =         1996,
}

@PhdThesis{vahdat:webfs-phd,
  author = 	 {Amin Vahdat},
  title = 	 {Operating System Services for Wide-Area Applications},
  school = 	 {Department of Computer Science, University of California, Berkeley},
  year = 	 {December 1998}
}

@Unpublished{valencia:vsta,
  author = 	 {Andrew Valencia},
  title = 	 {An Overview of the {VSTa} Microkernel},
  note = 	 {from \URL{http://www.igcom.net/~jeske/VSTa/vsta\_intro.html}}
}

@TechReport{waidner:disco,
  author = 	 {Michael Waidner and Birgit Pfitzmann},
  title = 	 {The Dining Cryptographers in the Disco:
                  Unconditional Sender and Recipient Untraceability
                  with Computationally Secure Serviceability},
  institution =  {Universitat Karlsruhe},
  year = 	 1989,
  note =	 {Abstract appeared in Eurocrypt '89}
}

@InProceedings{waldman:tangler,
  author = 	 {Marc Waldman and David Mazi{\`e}res},
  title = 	 {Tangler -- A Censorship-resistant Publishing System
                  Based on Document Entanglements},
  booktitle = 	 POT # {8th ACM Conference on Computer and
                       Communications Security},
  year =	 2001,
  month =	 {November},
  pages =	 {126--135}
}

@InProceedings{walker:locus,
  author = 	 {Bruce Walker and Gerald J. Popek and Robert English and Charles Kline and Greg Thiel},
  title = 	 {The {LOCUS} Distributed Operating System},
  crossref =	 {SOSP9},
  pages =	 {49--70}
}

@InProceedings{wang:constructive,
  author = 	 {Zhenghong Wang and Ruby Lee},
  title = 	 {New Constructive Approach to Covert Channel Modeling
                  and Channel Capacity Estimation},
  booktitle =	 POT # {8th Information Security Conference},
  pages =	 {498--505},
  year =	 2005,
  month =	 {September}
}

@InProceedings{wang:covert-side-channels,
  author = 	 {Zhenghong Wang and Ruby B. Lee},
  title = 	 {Covert and Side Channels due to Processor Architecture},
  booktitle =	 POT # {22nd Annual Computer Security Applications Conference},
  pages =	 {473--482},
  year =	 2006,
  month =	 {December}
}

@InProceedings{wang:redirection,
  author = 	 {Limm Wang and Vivek Pai and Larry Peterson},
  title = 	 {The Effectiveness of Request Redirection on CDN Robustness},
  crossref =	 {OSDI02},
  pages =	 {345--360},
}

@InProceedings{warrender:detecting,
  author = 	 {Christina Warrender and Stephanie Forrest
                  and Barak Pearlmutter},
  title = 	 {Detecting Intrusions Using System Calls:
                  Alternative Data Models},
  crossref =	 {IEEESP99},
}

@Article{landwehr:formal-models,
  author = 	 {Carl E. Landwehr},
  title = 	 {Formal Models for Computer Security},
  journal = 	 {Computing Survels},
  year = 	 1981,
  volume =	 13,
  number =	 3,
  pages =	 {247--278},
  month =	 {September}
}

@ARTICLE{welch:caching-performance,
        AUTHOR = {Brent Welch},
        TITLE = {Measured Performance of Caching in the {S}prite Network File System},
        YEAR = {Summer 1991},
        JOURNAL = {Computing Systems},
        PAGES = {315-342},
        NUMBER=4,
        VOLUME=3,
        NOTE = {Also appears in the 3rd USENIX Symposium on Experiences with Distributed and Multiprocessor Systems},
}

@INPROCEEDINGS{welch:prefix-tables,
        AUTHOR = {B. B. Welch and J. K. Ousterhout},
        TITLE = {Prefix Tables: A Simple Mechanism for Locating Files in a
                 Distributed Filesystem},
        BOOKTITLE = POT # " 6th International Conference on
                     Distributed Computing Systems",
        YEAR = 1986,
        PAGES = {184--189},
        ORGANIZATION = {IEEE},
        ADDRESS = {Boston, Mass.},
        MONTH = MAY,
}

@InProceedings{westerlund:arla,
  author = 	 {Assar Westerlund and Johan Danielsson},
  title = 	 {Arla---a free {AFS} client},
  booktitle = 	 POT # " 1998 USENIX, Freenix track",
  year = 	 1998,
  address = 	 {New Orleans, LA},
  month =	 {June},
  organization=  {USENIX},
}

@Article{williams:rsamod,
  author = 	 {Hugh C. Williams},
  title = 	 {A Modification of the {RSA} Public-Key Encryption Procedure},
  journal = 	 {IEEE Transactions on Information Theory},
  year = 	 1980,
  volume =	 {IT-26},
  number =	 6,
  month =	 {November},
  pages =	 {726--729}
}

@InProceedings{wittbold:nondeterministic,
  author = 	 {J. Todd Wittbold and Dale M. Johnson},
  title = 	 {Information Flow in Nondeterministic Systems},
  crossref =	 {IEEESP90},
  pages =	 {144--161}
}

@Article{wobber:taostocs,
  author = 	 {Edward P. Wobber and Mart{\'\i}n Abadi and Michael Burrows
                  and Butler Lampson},
  title = 	 {Authentication in the {T}aos Operating System},
  journal = 	 TOCS,
  year = 	 1994,
  volume =	 12,
  number =	 1,
  pages =	 {3--32}
}

@InProceedings{wong:flowsignature,
  author = {C. Wong and S. Lam},
  title = {Digital Signatures for Flows and Multicasts},
  booktitle = {IEEE ICNP'98},
  address = {Austin, TX},
  year = 1998,
  month = {October}, 
}

@InProceedings{wolman:proxy-caching,
  author = 	 {Alec Wolman and Geoffrey M. Voelker and Nitin Sharma
                  and Neal Cardwell and Anna Karlin and Henry M. Levy},
  title = 	 {On the scale and performance of cooperative Web
                  proxy caching},
  crossref =	 {SOSP17},
  pages =	 {16--31},
}

@InProceedings{wray:timing-channels,
  author = 	 {John C. Wray},
  title = 	 {An Analysis of Covert Timing Channels},
  crossref =	 {IEEESP91},
}

@INPROCEEDINGS{wright:ncryptfs,
  AUTHOR =	 "Charles P. Wright and Michael Martino and Erez Zadok",
  TITLE =	 "{NCryptfs}:  A Secure and Convenient Cryptographic File
                  System",
  BOOKTITLE =	 "Proceedings of the Annual USENIX Technical Conference",
  YEAR =	 2003,
  LOCATION =	 "San Antonio, TX",
  MONTH =	 "June",
  PAGES =	 "197--210"
}

@InProceedings{wu:srp,
  author = 	 {Thomas Wu},
  title = 	 {The Secure Remote Password Protocol},
  booktitle = 	 POT # {1998 Internet Society Network and Distributed
		  System Security Symposium},
  pages =	 {97--111},
  year =	 1998,
  address =	 {San Diego, CA},
  month =	 {March}
}

@InProceedings{ylonen:ssh-usenix,
  AUTHOR = {Tatu Yl{\"o}nen},
  TITLE = "{SSH} -- Secure Login Connections over the {Internet}",
  pages = {37--42},
  crossref = {USEC96},
}

@Misc{ylonen:ssh:imp,
  author = 	 {Tatu Yl{\"o}nen},
  title = 	 {Secure Shell},
  howpublished = {{\tt ftp://ftp.cs.hut.fi/pub/ssh}},
}

@TechReport{ylonen:ssh:prot,
  author = 	 {Tatu Yl{\"o}nen},
  title = 	 {SSH Transport Layer Protocol},
  institution =  {Network Working Group},
  year = 	 1996,
  type = 	 {Internet Draft},
  month = 	 {June},
}

@InProceedings{yu:consistency-model,
  author = 	 {Haifeng Yu and Amin Vahdat},
  title = 	 {Design and Evaluation of a Continuous Consistency Model
                  for Replicated Services},
  crossref =	 {OSDI00},
}

@InProceedings{zadok:fist,
  author =       {Erez Zadok and Jason Nieh},
  title =        {{FiST}: A Language for Stackable File Systems},
  crossref =     {USENIX00},
}

@InProceedings{zadok:hlfsd,
  author = 	 {Erez Zadok and Alexander Dupuy},
  title = 	 {{HLFSD}: Delivering Email to your \${HOME}},
  booktitle = 	 POT # {Systems Administration Conference ({LISA VII})},
  year =	 1993,
  address =	 {Monterey, CA},
  month =	 {November},
  publisher =	 {USENIX}
}

@InProceedings{zeldovich:async-mp,
  author = 	 {Nickolai Zeldovich and Alexander Yip and Frank Dabek
		  and Robert T. Morris and David Mazi{\`e}res
		  and M. Frans Kaashoek},
  title = 	 {Multiprocessor Support for Event-Driven Programs},
  pages =	 {239--252},

  booktitle =    {Proceedings of the USENIX 2003 Annual Technical Conference},
  month =        {June},
  year =         2003,
  address =      {San Antonio, TX}
}

@InProceedings{zeldovich:histar,
  author = 	 {Nickolai Zeldovich and Silas Boyd-Wickizer
                  and Eddie Kohler and David Mazi{\`e}res},
  title = 	 {Making Information Flow Explicit in {HiStar}},
  crossref =	 {OSDI06},
  pages =	 {263--278},
}

@InProceedings{zeldovich:vncplay,
  author =	{Nickolai Zeldovich and Ramesh Chandra},
  title =	{Interactive Performance Measurement with {VNCplay}},
  booktitle =	{Proceedings of the USENIX 2005 Annual Technical Conference, FREENIX track},
  year =	2005,
  address =	{Anaheim, CA},
  month	=	{April},
  pages =	{189--198},
}

@InProceedings{sapuntzakis:deploying,
  author =	{Constantine Sapuntzakis and David Brumley and Ramesh Chandra and Nickolai Zeldovich and Jim Chow and Monica S. Lam and Mendel Rosenblum},
  title =	{Virtual Appliances for Deploying and Maintaining Software},
  booktitle =	{Proceedings of the 17th {USENIX} Large Installation Systems Administration Conference ({LISA})},
  year =	2003,
  month =	{October},
  address =	{San Diego, CA},
  pages =	{181--194},
}

@InProceedings{chandra:collective,
  author =	{Ramesh Chandra and Nickolai Zeldovich and Constantine Sapuntzakis and Monica S. Lam},
  title	=	{The {Collective}: A Cache-Based System Management Architecture},
  crossref =    {NSDI05},
  pages =	{259--272},
}

@InProceedings{zeldovich:dstar,
    author = {Nickolai Zeldovich and Silas Boyd-Wickizer and David Mazi\`eres},
    title = {Securing Distributed Systems with Information Flow Control},
    crossref = {NSDI08},
    pages = {293--308},
}

@InProceedings{zeldovich:loki,
    author = {Nickolai Zeldovich and Hari Kannan and Michael Dalton and Christos Kozyrakis},
    title = {Hardware Enforcement of Application Security Policies Using Tagged Memory},
    crossref = {OSDI08},
    pages = {225--240},
}

@InProceedings{zdancewic:jifsplit,
    author =    {Steve Zdancewic and Lantian Zheng and Nathaniel Nystrom and Andrew C. Myers},
    title =     {Untrusted Hosts and Confidentiality: Secure Program Partitioning},
    crossref =  {SOSP18},
    pages =	{1--14}
}

@InProceedings{chong:swift,
    author =	{Stephen Chong and Jed Liu and Andrew C. Myers and Xin Qi and K. Vikram and Lantian Zheng and Xin Zheng},
    title =	{Secure Web Applications via Automatic Partitioning},
    crossref =	{SOSP21},
    pages =	{31--44}
}

@InProceedings{chong:sif,
    author =	{Stephen Chong and K. Vikram and Andrew C. Myers},
    title =	{{SIF}: Enforcing Confidentiality and Integrity in Web Applications},
    crossref =	{USEC07},
    pages =	{1--16}
}

@inproceedings{martin:pql,
    author =	{Michael Martin and Benjamin Livshits and Monica Lam},
    title =	{Finding Application Errors and Security Flaws
		 Using {PQL}: a Program Query Language},
    booktitle =	POT # { 2005 Conference on Object-Oriented Programming, Systems, Languages and Applications},
    year =	{2005},
    month =	{October},
    address =	{San Diego, CA},
    pages =	{365--383}
}

@InProceedings{krohn:flume,
    author =	{Maxwell Krohn and Alexander Yip and Micah Brodsky and Natan Cliffer and M. Frans Kaashoek and Eddie Kohler and Robert Morris},
    title =	{Information Flow Control for Standard {OS} Abstractions},
    crossref =	{SOSP21},
    pages =	{321--334}
}

@InProceedings{bittau:wedge,
    author =	{Andrea Bittau and Petr Marchenko and Mark Handley and Brad Karp},
    title =	{Wedge: Splitting Applications into Reduced-Privilege Compartments},
    crossref =	{NSDI08},
    pages =	{309--322}
}

@Article{viega:aopsec,
    author =	{John Viega and J T Bloch and Pravir Chandra},
    title =	{Applying aspect-oriented programming to security},
    journal =	{Cutter {IT} Journal},
    year = 	2001,
    month =	{February},
    volume =	14,
    number =	2,
    pages =	{31--39}
}

@InProceedings{wallach:stackinspect,
    author =	{Dan Wallach and Edward Felten},
    title =	{Understanding Java Stack Inspection},
    crossref =	{IEEESP98},
    pages =	{52--63},
}

@InProceedings{pistoia:stackifc,
    author =	{Marco Pistoia and Anindya Banerjee and David A. Naumann},
    title =	{Beyond Stack Inspection: A Unified Access-Control and Information-Flow Security Model},
    crossref =	{IEEESP07},
    pages =	{149--163},
}

@InProceedings{nguyen:precisetaint,
    author =	{Anh Nguyen-tuong and Salvatore Guarnieri and Doug Greene
		 and Jeff Shirley and David Evans},
    title =	{Automatically hardening web applications using
		 precise tainting},
    year =	2005,
    month =	{May},
    booktitle =	POT # {20th {IFIP} International Information Security Conference},
    address =	{Chiba, Japan},
    pages =	{295--307}
}

@InProceedings{finifter:joe-e,
    author =	{Matthew Finifter and Adrian Mettler and Naveen Sastry and and David Wagner},
    title =	{Verifiable Functional Purity in Java},
    year =	2008,
    month =	{October},
    booktitle = POT # {15th {ACM} Conference on Computer and Communication Security},
    address =	{Alexandria, VA},
}

@InProceedings{dalton:raksha,
    author	= {Michael Dalton and Hari Kannan and Christos Kozyrakis},
    title	= {Raksha: A Flexible Information Flow Architecture for Software Security},
    booktitle	= POT # {34th International Symposium on Computer Architecture},
    address	= {San Diego, CA},
    month	= {June},
    year	= 2007,
    pages	= {482--493},
}

@InProceedings{foster:cqual,
    author	= {Jeffrey S. Foster and Tachio Terauchi and Alex Aiken},
    title	= {Flow-Sensitive Type Qualifiers},
    crossref	= {PLDI02},
    pages	= {1--12},
}

@InProceedings{condit:ccured-real,
    author	= {Jeremy Condit and Matthew Harren and Scott McPeak and
		   George C. Necula and Westley Weimer},
    title	= {{CCured} in the real world},
    crossref	= {PLDI03},
    pages	= {232--244},
}

@InProceedings{engler:deviant,
    author	= {Dawson Engler and David Yu Chen and Seth Hallem and Andy Chou and Benjamin Chelf},
    title	= {Bugs as Deviant Behavior: A General Approach to Inferring Errors in Systems Code},
    crossref	= {SOSP18},
    pages	= {57--72},
}

@InProceedings{engler:mc,
    author	= {Dawson Engler and Benjamin Chelf and Andy Chou and Seth Hallem},
    title	= {Checking system rules using system-specific, programmer-written compiler extensions},
    crossref	= {OSDI00},
    pages =	 {1--16},
}

@InProceedings{chen:mops,
    author	= {Hao Chen and David Wagner},
    title	= {{MOPS}: an Infrastructure for Examining Security Properties of Software},
    booktitle	= POT # {9th {ACM} Conference on Computer and Communication Security},
    month	= {November},
    year	= 2002,
    address	= {Washington, DC},
    pages	= {235--244},
}

@InProceedings{ball:slam-drivers,
    author	= {Thomas Ball and Ella Bounimova and Byron Cook and Vladimir Levin
		   and Jakob Lichtenberg and Con McGarvey and Bohus Ondrusek and
		   Sriram K. Rajamani and Abdullah Ustuner},
    title	= {Thorough Static Analysis of Device Drivers},
    booktitle	= POT # {1st {ACM} EuroSys conference},
    month	= {April},
    year	= 2006,
    address	= {Leuven, Belgium},
    pages	= {73--85},
}

@InProceedings{wassermann:sqlciv,
    author	= {Gary Wassermann and Zhendong Su},
    title	= {Sound and precise analysis of web applications for injection vulnerabilities},
    crossref	= {PLDI07},
    pages	= {32--41},
}

@InProceedings{nethercote:valgrind,
    author	= {Nicholas Nethercote and Julian Seward},
    title	= {Valgrind: A Framework for Heavyweight Dynamic Binary Instrumentation},
    crossref	= {PLDI07},
    pages	= {89--100},
}

@InProceedings{fei:artemis,
    author	= {Long Fei and Samuel P. Midkiff},
    title	= {Artemis: Practical Runtime Monitoring of Applications for Errors},
    crossref	= {PLDI06},
    pages	= {84--95},
}

@InProceedings{luk:pin,
    author	= {Chi-Keung Luk and Robert Cohn and Robert Muth and Harish Patil and Artur Klauser and Geoff Lowney and Steven Wallace and Vijay Janapa Reddi and Kim Hazelwood},
    title	= {Pin: building customized program analysis tools with dynamic instrumentation},
    crossref	= {PLDI05},
    pages	= {190--200},
}

@InProceedings{bauer:polymer,
    author	= {Lujo Bauer and Jay Ligatti and David Walker},
    title	= {Composing security policies with polymer},
    crossref	= {PLDI05},
    pages	= {305--314},
}

@InProceedings{joshi:intrusions,
    author	= {Ashlesha Joshi and Sam King and George Dunlap and Peter Chen},
    title	= {Detecting Past and Present Intrusions Through Vulnerability-Specific Predicates},
    crossref	= {SOSP20},
    pages	= {91--104},
}

@InProceedings{costa:bouncer,
    author	= {Manuel Costa and Miguel Castro and Lidong Zhou and Lintao Zhang and Marcus Peinado},
    title	= {Bouncer: Securing Software by Blocking Bad Input},
    crossref	= {SOSP21},
    pages	= {117--130},
}

@InProceedings{pietraszek:csse,
    author	= {Tadeusz Pietraszek and Chris Vanden Berghe},
    title	= {Defending against injection attacks through context-sensitive string evaluation},
    booktitle	= POT # {8th International Symposium on Recent Advances in Intrusion Detection},
    month	= {September},
    year	= 2005,
    address	= {Seattle, WA},
}

@InProceedings{halfond:amnesia,
    author	= {William G. J. Halfond and Alessandro Orso},
    title	= {{AMNESIA}: analysis and monitoring for neutralizing {SQL}-injection attacks},
    booktitle	= POT # {20th {ACM} International Conference on Automated Software Engineering},
    month	= {November},
    year	= 2005,
    address	= {Long Beach, CA},
    pages	= {174--183},
}

@InProceedings{livshits:javasec,
    author	= {V. Benjamin Livshits and Monica S. Lam},
    title	= {Finding Security Vulnerabilities in {Java} Applications with Static Analysis},
    crossref	= {USEC05},
    pages	= {271--286},
}

@InProceedings{halfond:wasp,
    author	= {William G. J. Halfond and Alessandro Orso and Panagiotis Manolios},
    title	= {Using positive tainting and syntax-aware evaluation to counter {SQL} injection attacks},
    booktitle	= POT # {2006 {ACM} {SIGSOFT} Symposium on the Foundations of Software Engineering},
    month	= {November},
    year	= 2006,
    address	= {Portland, OR},
    pages	= {175--185},
}

@InProceedings{huang:webssari,
    author	= {Yao-wen Huang and Fang Yu and Christian Hang and Chung-hung Tsai and Der-Tsai Lee and Sy-yen Kuo},
    title	= {Securing web application code by static analysis and runtime protection},
    booktitle	= POT # {13th International Conference on World Wide Web},
    month	= {May},
    year	= 2004,
    address	= {New York, NY},
    pages	= {40--52},
}

@InProceedings{jovanovic:pixy,
    author	= {Nenad Jovanovic and Christopher Kruegel and Engin Kirda},
    title	= {Pixy: A Static Analysis Tool for Detecting Web Application Vulnerabilities},
    crossref	= {IEEESP06},
}

@InProceedings{vogt:xss-taint,
    author	= {Philipp Vogt and Florian Nentwich and Nenad Jovanovic and Engin Kirda and Christopher Kruegel and Giovanni Vigna},
    title	= {Cross Site Scripting Prevention with Dynamic Data Tainting and Static Analysis},
    booktitle	= POT # {14th Network and Distributed System Security (NDSS) Symposium},
    month	= {February-March},
    year	= 2007,
    address	= {San Diego, CA},
}

@InProceedings{vachharajani:rifle,
    author	= {Neil Vachharajani and Matthew J. Bridges and Jonathan Chang and Ram Rangan and Guilherme Ottoni and Jason A. Blome and George A. Reis and Manish Vachharajani and David I. August},
    title	= {{RIFLE}: An architectural framework for user-centric information-flow security},
    booktitle	= POT # {37th Annual {IEEE/ACM} International Symposium on Microarchitecture},
    month	= {December},
    year	= 2004,
    address	= {Portland, OR},
    pages	= {243--254},
}

@InProceedings{li:haskell-labels,
    author	= {Peng Li and Steve Zdancewic},
    title	= {Encoding information flow in Haskell},
    booktitle	= POT # {19th {IEEE} Computer Security Foundations Workshop},
    month	= {July},
    year	= 2006,
    address	= {Venice, Italy},
}

@inproceedings{ford:uia,
    author	= {Bryan Ford and Jacob Strauss and Chris Lesniewski-Laas and Sean Rhea
		   and M. Frans Kaashoek and Robert Morris},
    title	= {Persistent Personal Names for Globally Connected Mobile Devices},
    crossref	= {OSDI06},
}

@inproceedings{boyd-wickizer:corey,
    author	= {Silas Boyd-Wickizer and Haibo Chen and Rong Chen and 
		   Yandong Mao and M. Frans Kaashoek and Robert Morris and 
                   Aleksey Pesterev and Lex Stein and Ming Wu and Yuehua 
                   Dai and Yang Zhang and Zheng Zhang},
    title	= {Corey: An Operating System for Many Cores},
    crossref	= {OSDI08},
}
                  
@inproceedings{yip:pastwatch,
    title	= {Pastwatch: A Distributed Version Control System},
    author	= {Alex Yip and Benjie Chen and Robert Morris},
    crossref	= {NSDI06},
}

@article{savage:eraser,
    author	= {Stefan Savage and Michael Burrows and Greg Nelson and
		   Patrick Sobalvarro and Thomas Anderson},
    title	= {Eraser: A Dynamic Data Race Detector for Multithreaded Programs},
    journal	= TOCS,
    year	= 1997,
    volume	= 15,
    number	= 4,
    month	= {November},
    pages	= {391--411},
}

@InProceedings{chong:erasure,
    author	= {Stephen Chong and Andrew C. Myers},
    title	= {End-to-end enforcement of erasure and declassification},
    booktitle	= POT # {21st {IEEE} Computer Security Foundations Symposium},
    month	= {June},
    year	= 2008,
    address	= {Pittsburgh, PA},
}

@InProceedings{cadar:klee,
    author	= {Cristian Cadar and Daniel Dunbar and Dawson Engler},
    title	= {{KLEE}: Unassisted and Automatic Generation of High-Coverage Tests for Complex Systems Programs},
    crossref	= {OSDI08},
}

@InProceedings{yip:resin,
    author = {Alexander Yip and Xi Wang and Nickolai Zeldovich and M. Frans Kaashoek},
    title = {Improving Application Security with Data Flow Assertions},
    crossref = {SOSP22},
    pages = {291--304},
}

@InProceedings{dalton:nemesis,
    author = {Michael Dalton and Nickolai Zeldovich and Christos Kozyrakis},
    title = {Nemesis: Preventing Authentication and Access Control
	     Vulnerabilities in Web Applications},
    crossref = {USEC09},
    pages = {267--282},
    xsort = {a},
}

@InProceedings{rumble:cinder,
    author = {Stephen M. Rumble and Ryan Stutsman and Philip Levis and
	      David Mazi\`eres and Nickolai Zeldovich},
    title = {Apprehending Joule Thieves with {Cinder}},
    booktitle = POT # {1st ACM Workshop on Networking, Systems, and
		       Applications on Mobile Handhelds},
    year = 2009,
    month = {August},
    address = {Barcelona, Spain},
    pages = {49--54},
    xsort = {c},
}

@InProceedings{naous:identpp,
    author = {Jad Naous and Ryan Stutsman and David Mazi\`eres and
	      Nick McKeown and Nickolai Zeldovich},
    title = {Delegating Network Security Through More Information},
    booktitle = POT # {Workshop on Research on Enterprise Networking},
    year = 2009,
    month = {August},
    address = {Barcelona, Spain},
    pages = {19--26},
    xsort = {b},
}

@InProceedings{costan:tem,
    author = {V. Costan and L. Sarmenta and M. {van Dijk} and S. Devadas},
    title = {The Trusted Execution Module: Commodity General-Purpose Trusted Computing},
    booktitle = POT # {8th Smart Card Research and Advanced Application Conference},
    year = 2008,
    month = {August},
}

@InProceedings{klein:sel4,
    author = {Gerwin Klein and Kevin Elphinstone and Gernot Heiser and
	     June Andronick and David Cock and Philip Derrin and
	     Dhammika Elkaduwe and Kai Engelhardt and Michael Norrish
	     and Rafal Kolanski and Thomas Sewell and Harvey Tuch and
	     Simon Winwood},
    title = {{seL4}: Formal Verification of an {OS} Kernel},
    crossref = {SOSP22},
}

@InProceedings{nightingale:speculator,
    author = {Edmund B. Nightingale and Peter M. Chen and Jason Flinn},
    title = {Speculative Execution in a Distributed File System},
    crossref = {SOSP20},
}

@TechReport{biba:integrity,
  author = 	 {Kenneth J. Biba},
  title = 	 {Integrity Considerations for Secure Computer Systems},
  institution =  {MITRE Corp.},
  year = 	 1977,
  number =	 {MTR-3153},
  address =	 {Bedford, MA},
  month =	 {April}
}

@inproceedings{bflow:eurosys09,
    title = {Privacy-Preserving Browser-Side Scripting With {BFlow}},
    author = {Alexander Yip and Neha Narula and Maxwell Krohn and Robert Morris},
    crossref = {EUROSYS09},
}

@InProceedings{castro:bgi,
    title = {Fast Byte-granularity Software Fault Isolation},
    author = {Miguel Castro and Manuel Costa and J. P. Martin and
              Marcus Peinado and Periklis Akritidis and Austin Donnelly and
              Paul Barham and Richard Black},
    crossref = {SOSP22},
}

@InProceedings{kadav:tolerating,
    title = {Tolerating Hardware Device Failures in Software},
    author = {Asim Kadav and Matthew J. Renzelmann and Michael M. Swift},
    crossref = {SOSP22},
}

@InProceedings{ryzhyk:termite,
    title = {Automatic Device Driver Synthesis with {Termite}},
    author = {Leonid Ryzhyk and Peter Chubb and Ihor Kuz and
	      Etienne Le Sueur and Gernot Heiser},
    crossref = {SOSP22},
}

@InProceedings{williams:ref-validation,
    author = {Dan Williams and Patrick Reynolds and Kevin Walsh and
	      Emin Gun Sirer and Fred B. Schneider},
    title = {Device Driver Safety Through a Reference Validation Mechanism},
    crossref = {SOSP21},
}

@InProceedings{ryzhyk:dingo,
    title = {Dingo: Taming Device Drivers},
    author = {Leonid Ryzhyk and Peter Chubb and Ihor Kuz and Gernot Heiser},
    crossref = {EUROSYS09},
}

@article{swift:shadowdrivers,
    author = {Michael Swift and Muthukaruppan Annamalai and Brian N. Bershad
	      and Henry M. Levy},
    title = {Recovering Device Drivers},
    journal = TOCS,
    volume = 24,
    number = 4,
    month = {November},
    year = 2006,
}

@article{swift:nooks-tocs,
    author = {Michael M. Swift and Brian N. Bershad and Henry M. Levy},
    title = {Improving the Reliability of Commodity Operating Systems},
    journal = TOCS,
    volume = 22,
    number = 4,
    month = {November},
    year = 2004,
}

@InProceedings{renzelmann:decaf,
    title = {Decaf: Moving Device Drivers to a Modern Language},
    author = {Matthew J. Renzelmann and Michael M. Swift},
    crossref = {USENIX09},
}

@InProceedings{erlingsson:xfi,
    title = {{XFI}: software guards for system address spaces},
    author = {Ulfar Erlingsson and Mart{\'\i}n Abadi and Michael Vrable and
	      Mihai Budiu and George C. Necula},
    crossref = {OSDI06},
}

@InProceedings{glerum:wer,
    title = {Debugging in the (Very) Large: Ten Years of Implementation
	     and Experience},
    author = {Kirk Glerum and Kinshuman Kinshumann and Steve Greenberg and
	      Gabriel Aul and Vince Orgovan and Greg Nichols and David Grant
	      and Gretchen Loihle and Galen Hunt},
    crossref = {SOSP22},
}

@InProceedings{levasseur:reuse,
    title = {Unmodified Device Driver Reuse and Improved System
	     Dependability via Virtual Machines},
    author = {Joshua LeVasseur and Volkmar Uhlig and Jan Stoess and
	      Stefan Gotz},
    crossref = {OSDI04},
}

@InProceedings{ganapathy:microdrivers,
    title = {The Design and Implementation of Microdrivers},
    author = {Vinod Ganapathy and Matthew Renzelmann and Arini Balakrishnan
	      and Michael Swift and Somesh Jha},
    crossref = {ASPLOS08},
}

@InProceedings{witchel:mondrix,
    title = {Mondrix: memory isolation for {Linux} using
	     {Mondriaan} memory protection},
    author = {Emmett Witchel and Junghwan Rhee and Krste Asanovic},
    crossref = {SOSP20},
}

@InProceedings{witchel:mmp,
    title = {Mondrian Memory Protection},
    author = {Emmett Witchel and Josh Cates and Krste Asanovic},
    crossref = {ASPLOS02},
}

@InProceedings{arnold:ksplice,
    title = {Ksplice: Automatic Rebootless Kernel Updates},
    author = {Jeff Arnold and M. Frans Kaashoek},
    crossref = {EUROSYS09},
}

@InProceedings{david:curios,
    title = {\mbox{CuriOS}: Improving Reliability through Operating System
	     Structure},
    author = {Francis M. David and Ellick M. Chan and Jeffrey C. Carlyle
	      and Roy H. Campbell},
    crossref = {OSDI08},
}

@InProceedings{boyd-wickizer:o2,
    title = {Reinventing Scheduling for Multicore Systems},
    author = {Silas Boyd-Wickizer and Robert Morris and M. Frans Kaashoek},
    booktitle = POT # {12th Workshop on Hot Topics in Operating Systems},
    address = {Monte Verita, Switzerland},
    month = {May},
    year = 2009,
}

@InProceedings{dobrescu:routebricks,
    title = {{RouteBricks}: Exploiting Parallelism to Scale Software Routers},
    author = {Mihai Dobrescu and Norbert Egi and Katerina Argyraki and
	      Byung-Gon Chun and Kevin Fall and Gianluca Iannaccone and
	      Allan Knies and Maziar Manesh and Sylvia Ratnasamy},
    crossref = {SOSP22},
}

@InProceedings{pesterev:dprof,
    title = {Locating cache performance bottlenecks using data profiling},
    author = {Aleksey Pesterev and Nickolai Zeldovich and Robert T. Morris},
    crossref = {EUROSYS10},
    pages = {335--348}
}

@InProceedings{chandra:bstore,
    author = {Ramesh Chandra and Priya Gupta and Nickolai Zeldovich},
    title = {Separating Web Applications from User Data Storage with {BStore}},
    booktitle = POT # {USENIX Conference on Web Application Development},
    year = 2010,
    month = {June},
    address = {Boston, MA},
    pages = {1--14},
    xbest = {(Best paper award.)},
}

@InProceedings{boyd-wickizer:sud,
    author = {Silas Boyd-Wickizer and Nickolai Zeldovich},
    title = {Tolerating Malicious Device Drivers in {Linux}},
    crossref = {USENIX10},
    pages = {117--130},
}

@Article{zeldovich:histar-cacm,
  author = 	 {Nickolai Zeldovich and Silas Boyd-Wickizer and
		  Eddie Kohler and David Mazi{\`e}res},
  title = 	 {Making Information Flow Explicit in {HiStar}},
  journal = 	 CACM,
  volume =       {54},
  number =       {11},
  pages =        {93--101},
  month =        {November},
  year =         {2011},
}

@InProceedings{kim:userfs,
    author = {Taesoo Kim and Nickolai Zeldovich},
    title = {Making {Linux} Protection Mechanisms Egalitarian with {UserFS}},
    crossref = {USEC10},
    pages = {13--28},
}

@article{rumble:cinder-ccr,
  author = {Stephen M. Rumble and Ryan Stutsman and Philip Levis and
	    David Mazi\`eres and Nickolai Zeldovich},
  title =        {Apprehending Joule Thieves with {Cinder}},
  journal =      {SIGCOMM Computer Communication Review},
  volume =       {40},
  number =       {1},
  year =         {2010},
  issn =         {0146-4833},
  pages =        {106--111},
  month = {January},
  year = 2010,
}

@article{king:backtracker-tocs,
    title =	{Backtracking intrusions},
    author =	{Samuel T. King and Peter M. Chen},
    journal =   TOCS,
    year =      2005,
    volume =    23,
    number =    1,
    month =     {February},
    pages =     {51--76},
}

@InProceedings{ganapathi:xpcrash,
    author = {Archana Ganapathi and Viji Ganapathi and David Patterson},
    title = {Windows {XP} kernel crash analysis},
    booktitle = {Proceedings of the 20th {USENIX} Large Installation
	 System Administration Conference},
    year = 2006,
    month = {December},
    address = {Washington, DC},
}

@InProceedings{menon:twindrivers,
    title = {{TwinDrivers}: semi-automatic derivation of fast and safe
         hypervisor network drivers from guest OS drivers},
    author = {Aravind Menon and Simon Schubert and Willy Zwaenepoel},
    crossref = {ASPLOS09},
}

@InProceedings{herder:minix3,
    author = {Herder, J. N. and Bos, H. and Gras, B. and Homburg, P. and
          Tanenbaum, A.S.},
    title = {Fault isolation for device drivers},
    booktitle = POT # {2009 IEEE Dependable Systems and Networks Conference},
    year = 2009,
    month = {June--July},
    address = {Lisbon, Portugal},
}

@InProceedings{kim:tripwire,
    author = {Gene H. Kim and Eugene H. Spafford},
    title = {The Design and Implementation of {Tripwire}:
	     A File System Integrity Checker},
    crossref = {CCS94},
    pages = {18--29},
}

@InProceedings{dunlap:revirt,
    author = {George W. Dunlap and Samuel T. King and Sukru Cinar and
             Murtaza Basrai and Peter M. Chen},
    title = {{ReVirt}: Enabling intrusion analysis through virtual-machine
            logging and replay},
    crossref = {OSDI02},
    pages = {211--224},
}

@InProceedings{porter:txos,
    author = {Donald E. Porter and Owen S. Hofmann and Christopher J. Rossbach
             and Alexander Benn and Emmett Witchel},
    title = {Operating Systems Transactions},
    pages = {161--176},
    crossref = {SOSP22},
}

@InProceedings{plank:libckpt,
    author = {James S. Plank and Micah Beck and Gerry Kingsley and Kai Li},
    title = {Libckpt: Transparent Checkpointing under {Unix}},
    crossref = {USENIX95W},
    pages = {213--223},
}

@InProceedings{kohler:hotcrp,
    author = {Eddie Kohler},
    title = {Hot Crap!},
    booktitle = POT # {Workshop on Organizing Workshops, Conferences,
                       and Symposia for Computer Systems},
    month = {April},
    year = 2008,
    address = {San Francisco, CA},
}

@inproceedings{seshadri:secvisor,
    author =  {Arvind Seshadri and Mark Luk and Ning Qu and Adrian Perrig},
    title =   {{SecVisor}: A Tiny Hypervisor to Provide Lifetime Kernel
           Code Integrity for Commodity {OSes}},
    crossref = {SOSP21},
}

@inproceedings{brown:undoemail,
    author    = {Aaron B. Brown and David A. Patterson},
    title     = {Undo for Operators: Building an Undoable E-mail Store},
    crossref  = {USENIX03},
    pages     = {1--14},
}

@InProceedings{goel:taser,
    author = {Ashvin Goel and Kenneth Po and Kamran Farhadi and
              Zheng Li and Eyal De Lara},
    title = {The {Taser} Intrusion Recovery System},
    crossref = {SOSP20},
    pages = {163--176},
}

@InProceedings{yee:nacl,
  author =       {Bennet Yee and David Sehr and Gregory Dardyk
                  and J. Bradley Chen and Robert Muth and Tavis Ormandy
                  and Shiki Okasaka and Neha Narula and Nicholas Fullagar},
  title =        {{N}ative {C}lient: A Sandbox for Portable,
                  Untrusted x86 Native Code},
  crossref =	 {IEEESP09},
}

@InProceedings{provos:privsep,
    author = {Niels Provos and Markus Friedl and Peter Honeyman},
    title = {Preventing Privilege Escalation},
    crossref = {USEC03},
}

@InProceedings{levin:setuid,
    author = {Tim Levin and Steven J. Padilla and Cynthia E. Irvine},
    title = {A Formal Model for {UNIX} Setuid},
    crossref = {IEEESP89},
    pages = {73--83},
}

@Article{harrison:osprot,
    author =	{Michael A. Harrison and Walter L. Ruzzo and Jeffrey D. Ullman},
    title = {Protection in operating systems},
    journal =	CACM,
    year =  1976,
    volume =	19,
    number =	8,
    month = {August},
    pages = {461--471},
}

@Article{bishop:setuid,
    author = {Matt Bishop},
    title = {How To Write A Setuid Program},
    journal = {;login: The Magazine of Usenix \& Sage},
    year = 1987,
    month = {January/February},
    volume = 12,
    number = 1,
    pages = {5--11},
}

@InProceedings{grunbacher:linuxacl,
    author = {Andreas Gr{\"u}nbacher},
    title = {{POSIX} access control lists on {Linux}},
    booktitle = POT # {USENIX 2003 Annual Technical Conference, FREENIX track},
    year = 2003,
    address = {San Antonio, TX},
    month = {June},
    pages = {259--272},
}

@inproceedings{kim:retro,
    author = {Taesoo Kim and Xi Wang and Nickolai Zeldovich and M. Frans Kaashoek},
    title = {Intrusion Recovery Using Selective Re-execution},
    crossref = {OSDI10},
    pages = {89--104},
    xsort = {b},
}

@inproceedings{boyd-wickizer:scaling,
    author = {Silas Boyd-Wickizer and Austin Clements and Yandong Mao and
	      Aleksey Pesterev and M. Frans Kaashoek and Robert Morris
	      and Nickolai Zeldovich},
    title = {An Analysis of {Linux} Scalability to Many Cores},
    crossref = {OSDI10},
    pages = {1--16},
    xsort = {a},
}

@PhdThesis{zeldovich:phd-thesis,
  author = {Nickolai Zeldovich},
  title = {Securing Untrustworthy Software Using Information Flow Control},
  school = {Stanford University, Department of Computer Science},
  year = 2007,
  month = {October},
  note = {120 pages},
}

@MastersThesis{zeldovich:meng-thesis,
  author = {Nickolai Zeldovich},
  title = {Concurrency Control for Multi-Processor Event-Driven Systems},
  school = {Massachusetts Institute of Technology, Department of Electrical Engineering and Computer Science},
  year = 2002,
  month = {June},
  note = {43 pages},
}

@InProceedings{kuznetsov:ddt,
    author = {V. Kuznetsov and V. Chipounov and G. Candea},
    title = {Testing closed-source binary device drivers with {DDT}},
    crossref = {USENIX10},
}

@InProceedings{johnson:crl,
    author = {Kirk L. Johnson and M. Frans Kaashoek and Deborah A. Wallach},
    title = {{CRL}: High-Performance All-Software Distributed Shared Memory},
    crossref = {SOSP15},
    pages = {213--228},
}

@InProceedings{chow:crosscut,
    author = {Jim Chow and Dominic Lucchetti and Tal Garfinkel and
	      Geoffrey Lefebvre and Ryan Gardner and Joshua Mason and
	      Sam Small},
    title = {Multi-stage Replay with {Crosscut}},
    booktitle = POT # {{ACM SIGPLAN/SIGOPS} International Conference
		       on Virtual Execution Environments},
    year = 2010,
    month = {March},
    address = {Pittsburgh, PA},
}

@InProceedings{roy:laminar,
    author = {Indrajit Roy and Donald E. Porter and Michael D. Bond and
	      Kathryn S. McKinley and Emmett Witchel},
    title = {Laminar: Practical Fine-Grained Decentralized Information
	     Flow Control},
    crossref = {PLDI09},
}

@InProceedings{chen:overshadow,
    title = {Overshadow: A Virtualization-Based Approach to Retrofitting
	     Protection in Commodity Operating Systems},
    author = {Xiaoxin Chen and Tal Garfinkel and E. Christopher Lewis and
              Pratap Subrahmanyam and Carl A. Waldspurger and Dan Boneh and
              Jeffrey Dwoskin and Dan R. K. Ports},
    crossref = {ASPLOS08},
}

@InProceedings{arnold:harmful,
    title = {Security Impact Ratings Considered Harmful},
    author = {Jeff Arnold and Tim Abbott and Waseem Daher and Gregory Price
              and Nelson Elhage and Geoffrey Thomas and Anders Kaseorg},
    booktitle = POT # {12th Workshop on Hot Topics in Operating Systems},
    address = {Monte Verita, Switzerland},
    month = {May},
    year = 2009,
}

@article{sabelfeld:language-based,
    author = "Andrei Sabelfeld and Andrew Myers",
    title = "Language-Based Information-Flow Security",
    journal = "{IEEE} Journal on Selected Areas in Communications",
    volume = 21,
    number = 1,
    pages = "5--19",
    year = "2003",
}

@InProceedings{myers:jflow97,
    title = {A Decentralized Model for Information Flow Control},
    author = {Andrew Myers and Barbara Liskov},
    crossref = {SOSP16},
    pages = {129--147},
}

@Article{liskov:clu,
    title = {Abstraction Mechanisms in {CLU}},
    author = {B. Liskov and R. Atkinson and L. Snyder and C. Schaffert},
    journal = CACM,
    year = 1977,
    volume = 20,
    number = 8,
    month = {August},
    pages = {564--576},
}

@InProceedings{castro:hac,
    author = {M. Castro and A. Adya and B. Liskov and A. Myers},
    title = {{HAC}: Hybrid Adaptive Caching for Distributed Storage Systems},
    crossref = {SOSP16},
    pages = {102--115},
}

@InProceedings{liskov:thor,
    author = {B. Liskov and M. Castro and L. Shrira and A. Adya},
    title = {Providing Persistent Objects in Distributed Systems},
    booktitle = POT # {1999 European Conference on Object-Oriented Programming},
    month = {June},
    year = 1999,
}

@Article{liskov:argus,
    title = {Guardians and Actions: Linguistic Support for Robust,
	     Distributed Programs},
    author = {B. Liskov and R. Scheifler},
    journal = TOPLAS,
    volume = 5,
    number = 3,
    month = {July},
    year = 1983,
    pages = {381--404},
}

@article{schultz:mpss,
    author = {D. Schultz and M. Liskov and B. Liskov},
    title = {{MPSS}: Mobile Proactive Secret Sharing},
    journal = TISSEC,
    note = {To appear},
}

@InProceedings{dunlap:smp-revirt,
    author = {George W. Dunlap and Dominic G. Lucchetti and
	      Michael A. Fetterman and Peter M. Chen},
    title = {Execution replay of multiprocessor virtual machines},
    booktitle = POT # {{ACM SIGPLAN/SIGOPS} International Conference
		       on Virtual Execution Environments},
    month = {March},
    year = 2008,
    address = {Seattle, WA},
}

@InProceedings{lenharth:recovery-domains,
    author = {Andrew Lenharth and Vikram S. Adve and Samuel T. King},
    title = {Recovery domains: an organizing principle for
	     recoverable operating systems},
    crossref = {ASPLOS09},
    pages = {49--60},
}

@TechReport{roy:cinder-tr,
    author = {Arjun Roy and Stephen M. Rumble and Ryan Stutsman and
	      Philip Levis and David Mazi\`eres and Nickolai Zeldovich},
    title = {Energy Management in Mobile Devices with the {Cinder}
	     Operating System},
    institution = {Department of Computer Science, Stanford University},
    year = 2010,
    number = {CSTR 2010-02},
    address = {Stanford, CA},
    month = {June},
    note = {15 pages},
}

@InProceedings{paleari:remediation,
    title = {Automatic Generation of Remediation Procedures for Malware
	     Infections},
    author = {Roberto Paleari and Lorenzo Martignoni and Emanuele Passerini
	      and Drew Davidson and Matt Fredrikson and Jon Giffin and
	      and Somesh Jha},
    crossref = {USEC10},
}

@techreport{patterson:roc,
    author = {D. A. Patterson and A. Brown and P. Broadwell and G. Candea
	      and M. Chen and J. Cutler and P. Enriquez and A. Fox and
	      E. Kiciman and M. Merzbacher and D. Oppenheimer and N. Sastry
	      and W. Tetzlaff and J. Traupman and N. Treuhaft},
    title = {Recovery-Oriented Computing ({ROC}):
	     Motivation, Definition, Techniques, and Case Studies.},
    institute = {UC Berkeley Computer Science},
    number = {UCB/CSD-02-1175},
    month = {March},
    year = 2002,
}

@journal{bennett:reversible,
    author = {C. H. Bennett},
    title = {Logical reversibility of computation},
    booktitle = {IBM Journal of Research and Development},
    volume = 17, 
    number = 6,
    pages = {525-532},
    year = 1973,
}

@InProceedings{roy:airavat,
    title = {Airavat: Security and Privacy for MapReduce},
    author = {Indrajit Roy and Srinath T. V. Setty and Ann Kilzer and
	      Vitaly Shmatikov and Emmett Witchel},
    crossref = {NSDI10},
}

@InProceedings{desai:ufe,
    author = {Anand Desai},
    title = {New Paradigms for Constructing Symmetric Encryption Schemes
	     Secure Against Chosen-Ciphertext Attack},
    booktitle = POT # {20th Annual International Conference
		       on Advances in Cryptology},
    pages = {394--412},
    year = 2000,
    month = {August},
}

@InProceedings{curino:relcloud,
    author = {Carlo Curino and Evan P. C. Jones and Raluca Ada Popa and
	      Nirmesh Malviya and Eugene Wu and Sam Madden and Hari Balakrishnan
	      and Nickolai Zeldovich},
    title = {Relational Cloud: A Database-as-a-Service for the Cloud},
    booktitle = POT # {5th Biennial Conference on Innovative
		       Data Systems Research (CIDR)},
    year = 2011,
    month = {January},
    address = {Pacific Grove, CA},
    pages = {235--240},
    xsort = {a},
}

@InProceedings{roy:cinder-eurosys,
    author = {Arjun Roy and Stephen M. Rumble and Ryan Stutsman and
	      Philip Levis and David Mazi\`eres and Nickolai Zeldovich},
    title = {Energy Management in Mobile Devices with the {Cinder}
	     Operating System},
    crossref = {EUROSYS11},
    pages = {139--152},
}

@TechReport{popa:cryptdb-tr,
    author = {Raluca Ada Popa and Nickolai Zeldovich and Hari Balakrishnan},
    title = {{CryptDB}: A Practical Encrypted Relational {DBMS}},
    institution = {MIT Computer Science and Artificial Intelligence Laboratory},
    number = {MIT-CSAIL-TR-2011-005},
    address = {Cambridge, MA},
    month = {January},
    year = 2011,
    note = {13 pages},
    xsort = {b},
}

@InProceedings{mahajan:depot,
    author = {Prince Mahajan and Srinath Setty and Sangmin Lee and
	      Allen Clement and Lorenzo Alvisi and Mike Dahlin and
	      Michael Walfish},
    title = {Depot: Cloud Storage with Minimal Trust},
    crossref = {OSDI10},
}

@InProceedings{feldman:sporc,
    author = {Ariel J. Feldman and William P. Zeller and Michael J. Freedman
	      and Edward W. Felten},
    title = {{SPORC}: Group Collaboration using Untrusted Cloud Resources},
    crossref = {OSDI10},
}

@InProceedings{chlipala:urflow,
    author = {Adam Chlipala},
    title = {Static Checking of Dynamically-Varying Security Policies in
	     Database-Backed Applications},
    crossref = {OSDI10},
}

@InProceedings{gentry:fhe,
    author = {Craig Gentry},
    title = {Fully homomorphic encryption using ideal lattices},
    booktitle = POT # {41st} # STOC,
    month = {May--June},
    year = 2009,
    address = {Bethesda, MD},
}

@InProceedings{muniswamy:provenance-cloud,
    author = {Kira-Kumar Muniswamy-Reddy and Peter Macko and Margo Seltzer},
    title = {Provenance for the Cloud},
    booktitle = POT # {8th Conference on File and Storage Technologies},
    month = {February},
    year = 2010,
    address = {San Jose, CA},
}

@InProceedings{muniswamy:layering,
    author = {Muniswamy-Reddy, Kira-Kumar and Braun, U. and Holland, D. and Macko, P. and Maclean, D. and Daniel W. Margo and Margo Seltzer and Smogor, R.},
    title = {Layering in Provenance Systems},
    crossref = {USENIX09},
}

@InProceedings{muniswamy:pass,
    author = {Muniswamy-Reddy, Kira-Kumar and Holland, D. and Braun, U. and Seltzer, M.},
    title = {Provenance-Aware Storage Systems},
    crossref = {USENIX06},
}

@InProceedings{margo:browser-provenance,
    author = {Daniel W. Margo and Margo Seltzer},
    title = {The Case for Browser Provenance},
    booktitle = POT # {1st Workshop on the Theory and Practice of Provenance},
    month = {February},
    year = 2009,
    address = {San Francisco, CA},
}

@InProceedings{gollakota:tep,
  author = {Shyamnath Gollakota and Nabeel Ahmed and Nickolai Zeldovich
	    and Dina Katabi},
  title = {Secure In-Band Wireless Pairing},
  crossref = {USEC11},
  pages = {235--250},
  xsort = {b},
}

@InProceedings{werther:llctf,
  author = {Joseph Werther and Michael Zhivich and Tim Leek and
            Nickolai Zeldovich},
  title = {Experiences in Cyber Security Education: the {MIT}
           {Lincoln} {Laboratory} Capture-the-Flag Exercise},
  booktitle = POT # {4th Workshop on Cyber Security Experimentation and Test},
  month = {August},
  year = 2011,
  address = {San Francisco, CA},
  note = {9 pages},
  xsort = {a},
}

@InProceedings{wang:rad,
  author = {Xi Wang and Nickolai Zeldovich and M. Frans Kaashoek},
  title = {Retroactive auditing},
  crossref = {APSYS11},
  note = {5 pages},
}

@InProceedings{chen:kbugs,
  author = {Haogang Chen and Yandong Mao and Xi Wang and Dong Zhou and
            Nickolai Zeldovich and M. Frans Kaashoek},
  title = {Linux kernel vulnerabilities: State-of-the-art defenses and
           open problems},
  crossref = {APSYS11},
  note = {5 pages},
}

@InProceedings{popa:cryptdb,
  author = {Raluca Ada Popa and Catherine M. S. Redfield and Nickolai Zeldovich and Hari Balakrishnan},
  title = {{CryptDB}: Protecting Confidentiality with Encrypted Query Processing},
  crossref = {SOSP23},
  pages = {85--100},
}

@InProceedings{chandra:warp,
  author = {Ramesh Chandra and Taesoo Kim and Meelap Shah and Neha Narula and Nickolai Zeldovich},
  title = {Intrusion Recovery for Database-backed Web Applications},
  crossref = {SOSP23},
  pages = {101--114},
}

@InProceedings{mao:lxfi,
  author = {Yandong Mao and Haogang Chen and Dong Zhou and Xi Wang and Nickolai Zeldovich and M. Frans Kaashoek},
  title = {Software fault isolation with {API} integrity and multi-principal modules},
  crossref = {SOSP23},
  pages = {115--128},
}

@TechReport{boyd-wickizer:scu-tr,
    author = {Silas Boyd-Wickizer and M. Frans Kaashoek and Robert Morris and Nickolai Zeldovich},
    title = {A Software Approach to Unifying Multicore Caches},
    institution = {MIT Computer Science and Artificial Intelligence Laboratory},
    number = {MIT-CSAIL-TR-2011-032},
    address = {Cambridge, MA},
    month = {June},
    year = 2011,
    note = {13 pages},
}

@InProceedings{gupta:cachegenie,
  author = {Priya Gupta and Nickolai Zeldovich and Samuel Madden},
  title = {A Trigger-Based Middleware Cache for {ORMs}},
  booktitle = POT # {12th International Middleware Conference},
  month = {December},
  year = 2011,
  address = {Lisbon, Portugal},
  pages = {329--349},
}

@InProceedings{tamin:proxos,
    author = {Richard Ta-Min and Lionel Litty and David Lie},
    title = {Splitting Interfaces: Making Trust Between Applications and
            Operating Systems Configurable},
    crossref = {OSDI06},
    pages = {279--292},
}

@InProceedings{hofmann:osck,
    author = {Owen Hofmann and Alan Dunn and Sangman Kim and Indrajit Roy and Emmett Witchel},
    title = {Ensuring Operating System Kernel Integrity with {OSck}},
    crossref = {ASPLOS11},
}

@InProceedings{wahbe:sfi,
    author = {Robert Wahbe and Steven Lucco and Thomas E. Anderson and Susan L. Graham},
    title = {Efficient Software-Based Fault Isolation},
    crossref = {SOSP14},
    pages = {203--216}
}

@inproceedings{halevi:cmc,
    author = {Shai Halevi and Phillip Rogaway},
    title = {A Tweakable Enciphering Mode},
    booktitle = {Advances in Cryptology (CRYPTO)},
    month = {August},
    year = 2003,
}

@inproceedings{clements:bonsai,
  author = {Austin Clements and M. Frans Kaashoek and Nickolai Zeldovich},
  title = {Concurrent address spaces using {RCU} balanced trees},
  crossref = {ASPLOS12},
  pages = {199--210},
}

@TechReport{metreveli:cphash-tr,
    author = {Zviad Metreveli and Nickolai Zeldovich and M. Frans Kaashoek},
    title = {{CPHash}: A Cache-Partitioned Hash Table},
    institution = {MIT Computer Science and Artificial Intelligence Laboratory},
    number = {MIT-CSAIL-TR-2011-051},
    address = {Cambridge, MA},
    month = {November},
    year = 2011,
    note = {10 pages},
}

@InProceedings{metreveli:cphash-poster,
  author = {Zviad Metreveli and Nickolai Zeldovich and M. Frans Kaashoek},
  title = {{CPHash}: A Cache-Partitioned Hash Table},
  crossref = {PPOPP12},
  pages = {319--320},
}

@InProceedings{shah:cryptapp,
  author = {Meelap Shah and Emily Stark and Raluca Ada Popa and Nickolai Zeldovich},
  title = {Language Support for Efficient Computation over Encrypted Data},
  booktitle = {Off the Beaten Track Workshop: Underrepresented Problems 
               for Programming Language Researchers},
  address = {Philadelphia, PA},
  month = {January},
  year = 2012,
  note = {2 pages},
}

@InProceedings{pesterev:multiaccept,
  author = {Aleksey Pesterev and Jacob Strauss and
            Nickolai Zeldovich and Robert T. Morris},
  title = {Improving network connection locality on multicore systems},
  crossref = {EUROSYS12},
  pages = {337--350},
}

@TechReport{popa:join-tr,
    author = {Raluca Ada Popa and Nickolai Zeldovich},
    title = {Cryptographic Treatment of {CryptDB's} Adjustable Join},
    institution = {MIT Computer Science and Artificial Intelligence Laboratory},
    number = {MIT-CSAIL-TR-2012-006},
    address = {Cambridge, MA},
    month = {March},
    year = 2012,
    note = {14 pages},
}

@InProceedings{wang:undef,
  author = {Xi Wang and Haogang Chen and Alvin Cheung and Zhihao Jia and
            Nickolai Zeldovich and M. Frans Kaashoek},
  title = {Undefined Behavior: What Happened to My Code?},
  crossref = {APSYS12},
  note = {7 pages},
  xsort = {b},
}

@InProceedings{kim:dare,
  author = {Taesoo Kim and Ramesh Chandra and Nickolai Zeldovich},
  title = {Recovering from intrusions in distributed systems with {Dare}},
  crossref = {APSYS12},
  note = {7 pages},
  xsort = {c},
}

@Manual{FIPS:197,
  author =       {{FIPS 197}},
  title =        {Advanced Encryption Standard {(AES)}},
  organization = {U.S. Department of Commerce/N.I.S.T.,
                     National Technical Information Service},
  address =      {Springfield, VA},
  year =         2011
}

@InProceedings{hacigumus:db-srv-model,
  author = {Hac{\i}g\"{u}m\"{u}\c{s}, Hakan and Iyer, B. R. and Li, Chen and Mehrotra, Sharad},
  title = {Executing {SQL} over encrypted data in the database-service-provider model},
  crossref = {SIGMOD02},
  pages = {216--227},
} 

@InProceedings{hacigumus:agg-queries,
  author    = {Hakan Hac{\i}g{\"u}m{\"u}\c{s} and
               Balakrishna R. Iyer and
               Sharad Mehrotra},
  title     = {Efficient Execution of Aggregation Queries over Encrypted
               Relational Databases},
  booktitle = {DASFAA},
  month     = {March},
  year      = {2004},
  pages     = {125-136},
}

@InProceedings{hacigumus:opt,
  author = {Hakan Hac{\i}g{\"u}m{\"u}\c{s} and Balakrishna R. Iyer and Sharad Mehrotra},
  title = {Query Optimization in Encrypted Database Systems},
  booktitle = {DASFAA},
  month = {April},
  year = 2005,
  pages = {43--55},
}

@InProceedings{ge:agg-queries,
  author    = {Tingjian Ge and Stanley B. Zdonik},
  title     = {Answering Aggregation Queries in a Secure System Model},
  crossref  = {VLDB07},
  pages     = {519-530},
}

@InProceedings{agrawal:mat-views,
  author = {Agrawal, Sanjay and Chaudhuri, Surajit and Narasayya, Vivek R.},
  title = {Automated Selection of Materialized Views and Indexes in {SQL} Databases},
  crossref = {VLDB00},
} 

@InProceedings{papadomanolakis:ilp-db-design,
  author = {Papadomanolakis, Stratos and Ailamaki, Anastassia},
  title = {An Integer Linear Programming Approach to Database Design},
  booktitle = {Proceedings of the 2007 IEEE 23rd International Conference on Data Engineering Workshop},
  year = {2007},
  pages = {442--449},
  address = {Istanbul, Turkey},
} 

@inproceedings{dunagan:heatray,
  author = {John Dunagan and Alice X. Zheng and Daniel R. Simon},
  title = {Heat-ray: Combating Identity Snowball Attacks Using Machine
           Learning, Combinatorial Optimization and Attack Graphs},
  crossref = {SOSP22},
}

@InProceedings{acar:self-adjusting,
  title = {Imperative Self-Adjusting Computation},
  author = {Umut Acar and Amal Ahmed and Matthias Blume},
  crossref = {POPL08}
}

@InProceedings{costa:vigilante,
  title = {Vigilante: End-to-End Containment of Internet Worms},
  author = {Manuel Costa and Jon Crowcroft and Miguel Castro and
            Antony Rowstron and Lidong Zhou and Lintao Zhang and
            Paul Barham},
  crossref = {SOSP20}
}

@InProceedings{enck:taintdroid,
  author = {William Enck and Peter Gilbert and Byung-gon Chun and
            Landon P. Cox and Jaeyeon Jung and Patrick McDaniel and
            Anmol N. Sheth},
  title = {{TaintDroid}: An Information-Flow Tracking System for Realtime
           Privacy Monitoring on Smartphones},
  crossref = {OSDI10},
}

@InProceedings{boyd-wickizer:locks,
  author = {Silas Boyd-Wickizer and M. Frans Kaashoek and Robert Morris and Nickolai Zeldovich},
  title = {Non-scalable locks are dangerous},
  crossref = {OLS2012},
  pages = {107--118},
  xsort = {a},
}

@InProceedings{brumley:rich,
    author = {David Brumley and T{zi-cker} Chiueh and Robert Johnson},
    title = {{RICH}: Automatically Protecting Against Integer-Based Vulnerabilities},
    crossref = {NDSS07},
}

@InProceedings{patterson:vrp,
    author = {Jason R. C. Patterson},
    title = {Accurate Static Branch Prediction by Value Range Propagation},
    crossref = {PLDI95},
    pages = {67--78},
}

@InProceedings{yang:fisc,
    author = {Junfeng Yang and Paul Twohey and Dawson Engler and Madanlal Musuvathi},
    title = {Using Model Checking to Find Serious File System Errors},
    crossref = {OSDI04},
    pages = {273--287},
}

@InProceedings{yang:explode,
    author = {Junfeng Yang and Paul Twohey and Dawson Engler and Madanlal Musuvathi},
    title = {\textsc{eXplode}: A Lightweight, General System for Finding Serious Storage System Errors},
    crossref = {OSDI06},
    pages = {131--146},
}

@inproceedings{rubio-gonzalez:eio,
    title = {Error Propagation Analysis for File Systems},
    author = {Cindy Rubio-Gonz\'alez and Haryadi S. Gunawi and Ben Liblit and
              Remzi H. Arpaci-Dusseau and Andrea C. Arpaci-Dusseau},
    crossref = {PLDI09},
    pages = {270--280},
}

@inproceedings{kim:poirot,
  author = {Taesoo Kim and Ramesh Chandra and Nickolai Zeldovich},
  title = {Efficient patch-based auditing for web application vulnerabilities},
  crossref = {OSDI12},
  note = {14 pages},
}

@inproceedings{wang:kint,
  author = {Xi Wang and Haogang Chen and Zhihao Jia and Nickolai Zeldovich and M. Frans Kaashoek},
  title = {Improving Integer Security for Systems with {{\sc Kint}}},
  crossref = {OSDI12},
  note = {15 pages},
}

@inproceedings{tucek:delta-execution,
  author = {Joseph Tucek and Weiwei Xiong and Yuanyuan Zhou},
  title = {Efficient Online Validation With Delta Execution},
  crossref = {ASPLOS09},
}

@inproceedings{maurer:tachyon,
  author = {Matthew Maurer and David Brumley},
  title = {{\sc Tachyon}: Tandem Execution for Efficient Live Patch Testing},
  crossref = {USEC12},
}

@article{popa:cryptdb-cacm,
  author = {Raluca Ada Popa and Catherine M. S. Redfield and
            Nickolai Zeldovich and Hari Balakrishnan},
  title = {{CryptDB}: Processing Queries on an Encrypted Database},
  journal = CACM,
  volume = {55},
  number = {9},
  pages = {103--111},
  month = {September},
  year = {2012},
}

@inproceedings{mao:masstree,
  author = {Yandong Mao and Eddie Kohler and Robert T. Morris},
  title = {Cache Craftiness for Fast Multicore Key-Value Storage},
  crossref = {EUROSYS12},
}

