@techreport{adams:tree,
    author = {Stephen Adams},
    title = {Implementing Sets Efficiently in a Functional Language},
    number = {CSTR 92-10},
    institution = "University of Southampton",
    year = {1992}
}

@inproceedings{nievergelt:treebb,
  author = {Nievergelt, J. and Reingold, E. M.},
  title = {Binary search trees of bounded balance},
  booktitle = {Proc.\ of the 4th STOC},
  year = {1972},
  address = {Denver, CO},
  pages = {137--142},
  numpages = {6},
} 

@techreport{fraser:phd,
    author = {Keir Fraser},
    title = {Practical lock freedom},
    number = {UCAM-CL-TR-579},
    institution = "Cambridge University",
    year = {2003}
}

@article{fraser:tocs,
    author = {Keir Fraser and Tim Harris},
    title = "Concurrent programming without locks", 
    journal = "ACM Transactions on Computer Systems",
    volume = 25,
    number = 2,
    year = 2007,
    month = {May},
}

@inproceedings{rcu:linux,
  Author="Paul E. McKenney and Dipankar Sarma and Andrea Arcangeli and
          Andi Kleen and Orran Krieger and Rusty Russell",
  Title="Read-Copy Update",
  crossref = {OLS2002},
  pages="338-367",
}

@techreport{metis:tr,
    author = "Yandong Mao and Robert Morris and Frans Kaashoek",
    title = "Optimizing {MapReduce} for Multicore Architectures",
    number = "MIT-CSAIL-TR-2010-020",
    year = "2010",
    institution = {MIT CSAIL},
    month = {May},
}

@article{dean:mapreduce,
 author = {Jeffrey Dean and Sanjay Ghemawat},
 title = "{MapReduce: simplified data processing on large clusters}",
 journal = CACM,
 volume = {51},
 number = {1},
 year = {2008},
 issn = {0001-0782},
 pages = {107--113},
 doi = {http://doi.acm.org/10.1145/1327452.1327492},
 address = {New York, NY, USA},
 }              

@inproceedings{p2psearch:iptps03,
  title = {On the feasibility of peer-to-peer web indexing and search},
  author = {Jinyang Li and Boon Thau Loo and Joseph M. Hellerstein and M. Frans
Kaashoek and David Karger and Robert Morris},
  booktitle = {Proc.\ of the 2nd IPTPS},
  year = {2003},
  month = {February},
  address = {Berkeley, CA},
}

@inproceedings{overcite:nsdi06,
  title = {OverCite: A Distributed, Cooperative {CiteSeer}},
  author = {Jeremy Stribling and Jinyang Li and Isaac G. Councill and M. Frans
Kaashoek and Robert Morris},
  booktitle = {Proc.\ of the 3rd NSDI},
  year = {2006},
  month = {May},
  address = {San Jose, CA},
}

@Manual{pthreads,
  title =       "{Threads Extensions for Portable Operating Systems P1003.4a}",
  organization =        "IEEE",
  edition =     "Draft 6",
  year =        "1992",
  month =       feb,
}

@inproceedings{McKenney98,
Author="Paul E. McKenney and John D. Slingwine"
,Title="Read-Copy Update: Using Execution History to Solve Concurrency Problems"
,Booktitle="Proc.\ of the 10th IASTED International Conference on Parallel and Distributed Computing and Systems"
,Month="October"
,Year="1998"
,pages="509-518"
,Address="Las Vegas, NV"
}

@phdthesis{PaulEdwardMcKenneyPhD
,author="Paul E. McKenney"
,title="Exploiting Deferred Destruction:
An Analysis of Read-Copy-Update Techniques
in Operating System Kernels"
,school="OGI School of Science and Engineering at
Oregon Health and Sciences University"
,year="2004"
,note="Available:
\url{http://www.rdrop.com/users/paulmck/RCU/RCUdissertation.2004.07.14e1.pdf}"
,annotation="
	Describes RCU implementations and presents design patterns
	corresponding to common uses of RCU in several operating-system
	kernels.
"
}

@article{PaulEMcKenney2008RCUOSR
,author="Paul E. McKenney and Jonathan Walpole"
,title="Introducing technology into the {Linux} kernel: a case study"
,Year="2008"
,Month={July}
,journal="SIGOPS Operating Systems Review"
,volume="42"
,number="5"
,pages="4--17"
,publisher="ACM"
,address="New York, NY, USA"
,annotation={
	Linux changed RCU to a far greater degree than RCU has changed Linux.
}
}

@unpublished{PaulEMcKenney2007PreemptibleRCU
,Author="Paul E. McKenney"
,Title="The design of preemptible read-copy-update"
,month="October"
,day="8"
,year="2007"
,note="Available:
\url{http://lwn.net/Articles/253651/}"
,annotation="
	LWN article describing the design of preemptible RCU.
"
}

@misc{windows:slides,
    author = {Landy Wang},
    title = {Windows 7 Memory Management},
    note = {\url{http://download.microsoft.com/download/7/E/7/7E7662CF-CBEA-470B-A97E-CE7CE0D98DC2/mmwin7.pptx}},
    month = {November},
    year = 2009,
}

@misc{windows:wrk,
    author = {{Microsoft Corp.}},
    title = {Windows Research Kernel},
    note = {\url{http://www.microsoft.com/resources/sharedsource/windowsacademic/researchkernelkit.mspx}},
}

@inproceedings{schneider:streamflow,
        author  = {Scott Schneider and Christos D. Antonopoulos and Dimitrios S. Nikolopoulos},
        title = "Scalable Locality-Conscious Multithreaded Memory Allocation",
        booktitle = {Proc.\ of the 2006 ACM SIGPLAN International Symposium on Memory Management},
        year = {2006},
        month = {June},
        address = {Ottawa, Canada},
}

@unpublished{PaulEMcKenney2006c
,Author="Paul E. McKenney"
,Title="Sleepable {RCU}"
,month="October 9,"
,year="2006"
,note="Available:
\url{http://lwn.net/Articles/202847/}
Revised:
\url{http://www.rdrop.com/users/paulmck/RCU/srcu.2007.01.14a.pdf}"
}

@misc{ltp,
  author = {{Linux Test Project}},
  note = {\url{http://ltp.sourceforge.net/}},
}

@misc{qemu,
  author = {{QEMU}},
  note = {\url{http://www.qemu.org/}},
}

@inproceedings{PaulEMcKenney2001RCU,
    author = {Paul E. McKenney and Jonathan Appavoo and Andi Kleen and Orran Krieger and Rusty Russell and Dipankar Sarma and Maneesh Soni},
    title = {Read-Copy Update},
    booktitle = {Proc.\ of the {O}ttawa {L}inux {S}ymposium},
    year = {2001},
    month = {July},
    pages = {338--367}
}

@phdthesis{ bienia11benchmarking,
  author = {Christian Bienia},
  title = {Benchmarking Modern Multiprocessors},
  school = {Princeton University},
  year      = {2011},
  month     = {January}
}

@inproceedings{jemalloc,
  author  = {Jason Evans},
  title   = {A scalable concurrent malloc (3) implementation for {FreeBSD}},
  booktitle = {Proc.\ of the BSDCan Conference},
  year    = 2006,
  month   = {April},
  address = {Ottawa, Canada}
}

@techreport{howard:relrbtree,
  author = {Philip W. Howard and Jonathan Walpole},
  title = {Relativistic Red-Black Trees},
  number = {10-06},
  year = 2010,
  institution = {Portland State University, Computer Science Department},
}

@article{kung:concurrent-tree,
  author = {H. T. Kung and Philip L. Lehman},
  title = {Concurrent manipulation of binary search trees},
  journal = {ACM TODS},
  year = 1980,
  month = {September},
  volume = 5,
  number = 3,
}

@techreport{herlihy:construction,
  author = {Maurice Herlihy},
  title = {A Methodology for Implementing Highly Concurrent Data Objects},
  institution = {Digital Equipment Corporation},
  number = {CRL 91/10},
  month = {October},
  year = 1991,
}

@article{ellis:concurrent-avl,
  author = {Carla S. Ellis},
  title = {Concurrent Search and Insertion in {AVL} Trees},
  journal = {IEEE Transactions on Computers},
  year = 1980,
  month = {September},
  volume = {C-29},
  number = 9,
}

@techreport{Pugh90concurrentmaintenance,
    author = {William Pugh},
    title = {Concurrent Maintenance of Skip Lists},
    number = {CS-TR-2222},
    institution = {Dept.\ of Computer Science, University of Maryland, College Park},
    year = {1990}
}

@article{Lehman:conc-btree,
 author = {Lehman, Philip L. and Yao, S. Bing},
 title = {Efficient locking for concurrent operations on {B-trees}},
 journal = {ACM Transactions on Database Systems},
 volume = {6},
 issue = {4},
 month = {December},
 year = {1981},
 pages = {650--670},
 numpages = {21},
 acmid = {319663},
 publisher = {ACM},
 address = {New York, NY, USA},
 keywords = {B-tree, concurrenct algorithms, concurrency controls, consistencey, correctness, data structures, database, index organizations, locking protocols, multiway search trees},
}

@book{herlihy:art,
  author = {Maurice Herlihy and Nir Shavit},
  title = {The art of multiprocessor programming},
  publisher = {Morgan Kaufmann},
  year = 2008
}

@article{rcu:dcache,
 author = {McKenney, Paul E. and Sarma, Dipankar and Soni, Maneesh},
 title = {Scaling dcache with RCU},
 journal = {Linux J.},
 issue_date = {January 2004},
 volume = {2004},
 number = {117},
 month = jan,
 year = {2004},
 issn = {1075-3583},
 pages = {3--},
 url = {http://dl.acm.org/citation.cfm?id=959336.959339},
 acmid = {959339},
 publisher = {Belltown Media},
 address = {Houston, TX},
} 

@misc{lwn:dcache,
  author = {{Jonathan Corbet}},
  title = {Dcache scalability and RCU-walk},
  note = {\url{http://lwn.net/Articles/419811/}},
  year = 2012,
  month = {April 23,},
}

@misc{lwn:law,
  author = {Paul McKenney},
  title = {Concurrent code and expensive instructions},
  year = {2011},
  month = {January},
  howpublished = {\url{https://lwn.net/Articles/423994/}},
}

@misc{linuxdoc:dirlocking,
  author = {{Linux Documentation}},
  title = {Directory Locking},
  note = {\url{http://lxr.linux.no/linux+v3.3.4/Documentation/filesystems/directory-locking}},
  year = {2012},
  month = {May 3,},
}

@Misc{approx:counter,
    title = {{The search for fast, scalable counters}},
    month = {May},
    year = {2010},
    note = {\url{http://lwn.net/Articles/170003/}}
}

@inproceedings{snzi:podc,
  author = {Faith Ellen and Yossi Lev and Victor Luchango and Mark Moir},
  title = {{SNZI}: Scalable NonZero Indicators},
  crossref = {PODC07},
}

@InProceedings{barrelfish:sosp,
  title = {{The Multikernel}: a new {OS} architecture for scalable multicore systems},
  author = {Andrew Baumann and Paul Barham and Pierre-Evariste Dagand and Tim Haris and Rebecca Isaacs and Simon Peter and Timothy Roscoe and Adrian Sch{\"u}pbach and Akhilesh Singhania},
  crossref = {SOSP22},
}

@article{MCS,
 author = {John M. Mellor-Crummey and Michael L. Scott},
 title = {Algorithms for scalable synchronization on shared-memory multiprocessors},
 journal = TOCS,
 volume = {9},
 number = {1},
 year = {1991},
 issn = {0734-2071},
 pages = {21--65},
 doi = {http://doi.acm.org/10.1145/103727.103729},
 address = {New York, NY, USA},
}

@article{cacm-real-world,
 author = {Cantrill, Bryan and Bonwick, Jeff},
 title = {Real-world concurrency},
 journal = {Commun. ACM},
 volume = {51},
 number = {11},
 year = {2008},
 issn = {0001-0782},
 pages = {34--39},
 doi = {http://doi.acm.org/10.1145/1400214.1400227},
 publisher = {ACM},
 address = {New York, NY, USA},
 }

@article{wentzlaff:fos, author = {Wentzlaff, David and Agarwal, Anant},
 title = {Factored operating systems (fos): the case for a scalable operating system for multicores}
,
 journal = {SIGOPS Oper. Syst. Rev.},
 volume = {43},
 number = {2},
 year = {2009},
 pages = {76--85},
 }

@book{c++11,
  key = {ISO},
  title = {{ISO/IEC} 14882:2011(E): Information technology -- Programming languages -- {C++}},
  publisher = {{ISO}},
  address = {Geneva, Switzerland},
  year = {2011},
}

@inproceedings{law:orders,
 author = {Attiya, Hagit and Guerraoui, Rachid and Hendler, Danny and Kuznetsov, Petr and Michael, Maged M. and Vechev, Martin},
 title = {Laws of order: expensive synchronization in concurrent algorithms cannot be eliminated},
 crossref = {POPL11},
 pages = {487--498},
} 

@article{herlihy:linearizability,
 author = {Herlihy, Maurice P. and Wing, Jeannette M.},
 title = {Linearizability: a correctness condition for concurrent objects},
 journal = TOPLAS,
 issue_date = {July 1990},
 volume = {12},
 number = {3},
 month = jul,
 year = {1990},
 issn = {0164-0925},
 pages = {463--492},
 numpages = {30},
 url = {http://doi.acm.org/10.1145/78969.78972},
 doi = {10.1145/78969.78972},
 acmid = {78972},
 publisher = {ACM},
 address = {New York, NY, USA},
} 

@article{rinard:commutativity,
 author = {Rinard, Martin C. and Diniz, Pedro C.},
 title = {Commutativity analysis: a new analysis technique for parallelizing compilers},
 journal = TOPLAS,
 volume = {19},
 number = {6},
 month = {November},
 year = {1997},
 issn = {0164-0925},
 pages = {942--991},
 numpages = {50},
 url = {http://doi.acm.org/10.1145/267959.269969},
 doi = {10.1145/267959.269969},
 acmid = {269969},
 publisher = {ACM},
 address = {New York, NY, USA},
 keywords = {parallel computing},
} 

@inproceedings{herlihy:boosting,
 author = {Herlihy, Maurice and Koskinen, Eric},
 title = {Transactional boosting: a methodology for highly-concurrent transactional objects},
 crossref = {PPOPP08},
 pages = {207--216},
} 

@article{bernstein:concurrency,
 author = {Bernstein, Philip A. and Goodman, Nathan},
 title = {Concurrency Control in Distributed Database Systems},
 journal = {ACM Comput. Surv.},
 issue_date = {June 1981},
 volume = {13},
 number = {2},
 month = jun,
 year = {1981},
 issn = {0360-0300},
 pages = {185--221},
 numpages = {37},
 url = {http://doi.acm.org/10.1145/356842.356846},
 doi = {10.1145/356842.356846},
 acmid = {356846},
 publisher = {ACM},
 address = {New York, NY, USA},
} 

@article{weihl:commutativity,
 author = {Weihl, W. E.},
 title = {Commutativity-Based Concurrency Control for Abstract Data Types},
 journal = {IEEE Trans. Comput.},
 volume = {37},
 number = {12},
 month = {December},
 year = {1988},
 issn = {0018-9340},
 pages = {1488--1505},
 numpages = {18},
 url = {http://dx.doi.org/10.1109/12.9728},
 doi = {10.1109/12.9728},
 acmid = {54026},
 publisher = {IEEE Computer Society},
 address = {Washington, DC, USA},
 keywords = {abstract data types, commutativity, concurrency algorithms, concurrency control, dynamic atomicity, intentions lists, local atomicity property, nondeterministic, parallel processing., partial, recovery methods, serializability, undo logs},
} 
                  
@inproceedings{steele:commutativity,
 author = {Steele, Jr., Guy L.},
 title = {Making asynchronous parallelism safe for the world},
 crossref = {POPL90},
 pages = {218--231},
}

@Misc{lwip,
 author = {{lwIP}},
 url = {http://savannah.nongnu.org/projects/lwip/}
}

@inproceedings{roy:limits-dap,
  author = {Amitabha Roy and Steven Hand and Tim Harris},
  title = {Exploring the Limits of Disjoint Access Parallelism},
  booktitle = POT # { 1st USENIX Workshop on Hot Topics in Parallelism},
  month = {March},
  year = 2009,
  address = {Berkeley, CA},
}

@inproceedings{israeli:disjoint-access,
  author = {Amos Israeli and Lihu Rappoport},
  title = {Disjoint-Access-Parallel Implementations of Strong Shared Memory Primitives},
  crossref = {PODC94},
}

@inproceedings{prabhu:cset,
  author = {Prakash Prabhu and Soumyadeep Ghosh and Yun Zhang and Nick P. Johnson and David I. August},
  title = {Commutative Set: A Language Extension for Implicit Parallel Programming},
  crossref = {PLDI11},
}

@misc{xv6,
  author = {Russ Cox and M. Frans Kaashoek and Robert T. Morris},
  title = {Xv6, a simple {Unix}-like teaching operating system},
  note = {\url{http://pdos.csail.mit.edu/6.828/2012/xv6.html}},
}
